@string{jfm = "Journal of Fluid Mechanics"}
@string{jas = "Journal of Atmospheric Science"}
@string{annrev = "Annual review of Fluid Mechanics"}
@string{jpo = "Journal of Physical Oceanography"}

@Article{arai94,
  author = 	 "M. Arai and T. Yamagata",
  title = 	 "Asymmetric evolution of eddies in rotating shallow water",
  OPTcrossref =  "",
  OPTkey = 	 "",
  journal = 	 "Chaos",
  year = 	 "1994",
  volume = 	 "4",
  number = 	 "2",
  pages = 	 "163-174",
  OPTmonth = 	 "",
  OPTnote = 	 "",
  OPTannote = 	 ""
}


@Article{arakawa66,
  author = 	 {A. Arakawa},
  title = 	 "Computational design for long-term integration of the equations of fluid motion: 2-D incompressible flow.  Part I",
  journal = 	 {Journal of Computational Physics},
  year = 	 {1966},
  OPTkey = 	 {},
  volume =	 {1},
  OPTnumber = 	 {},
  pages =	 {119-143},
  OPTmonth = 	 {},
  OPTnote = 	 {},
  OPTannote = 	 {}
}

@Article{busse94,
  author = 	 {F.H. Busse},
  title = 	 {Convection driven zonal flows and vortices in the major planets},
  journal = 	 {Chaos},
  year = 	 {1994},
  OPTkey = 	 {},
  volume =	 {4},
  number =	 {2},
  pages =	 {123-134},
  OPTmonth = 	 {},
  OPTnote = 	 {},
  OPTannote = 	 {}
}

@Article{dowling95,
  author = 	 "T.E. Dowling",
  title = 	 "Dynamics of Jovian atmospheres",
  OPTcrossref =  "",
  OPTkey = 	 "",
  journal = 	 annrev,
  year = 	 "1995",
  volume =	 "27",
  OPTnumber = 	 "",
  pages = 	 "293-334",
  OPTmonth = 	 "",
  OPTnote = 	 "",
  OPTannote = 	 ""
}

@Article{firing76,
  author = 	 "E. Firing and R.C. Beardsley",
  title = 	 "The behaviour of a barotropic eddy on a beta plane",
  OPTcrossref =  "",
  OPTkey = 	 "",
  journal = 	 jpo,
  year = 	 "1976",
  volume = 	 "6",
  OPTnumber = 	 "",
  pages = 	 "57-65",
  OPTmonth = 	 "",
  OPTnote = 	 "",
  OPTannote = 	 ""
}


@Article{flierl87,
  author = 	 "G.R. Flierl",
  title = 	 "Isolated eddy models in geophysics",
  OPTcrossref =  "",
  OPTkey = 	 "",
  journal =	 annrev,
  year =	 "1987",
  volume =	 "19",
  OPTnumber = 	 "",
  pages =	 "493-530",
  OPTmonth = 	 "",
  OPTnote = 	 "",
  OPTannote = 	 ""
}



@Article{flierl94,
  author = 	 "G.R. Flierl",
  title = 	 "Rings: Semicoherent oceanic features",
  OPTcrossref =  "",
  OPTkey = 	 "",
  journal = 	 "Chaos",
  year = 	 "1994",
  volume = 	 "4",
  number = 	 "2",
  pages = 	 "355-367",
  OPTmonth = 	 "",
  OPTnote = 	 "",
  OPTannote = 	 ""
}

@Article{hop93,
  author = 	 "E.J. Hopfinger and G.F.J. Van Heijst",
  title = 	 "Vortices in Rotating Fluids",
  OPTcrossref =  "",
  OPTkey = 	 "",
  journal = 	 annrev,
  year = 	 "1993",
  volume = 	 "25",
  OPTnumber = 	 "",
  pages = 	 "241-289",
  OPTmonth = 	 "",
  OPTnote = 	 "",
  OPTannote = 	 ""
}




@Article{ingersoll00,
  author = 	 {A.P. Ingersoll and P.J. Gierasch and D. Banfield and A.R. Vasavada },
  title = 	 {Moist convection as an energy source for the large-scale motions in Jupiter's atmosphere},
  journal = 	 {Nature},
  year = 	 {2000},
  OPTkey = 	 {},
  volume =	 {403},
  OPTnumber = 	 {},
  pages =	 {630-631},
  OPTmonth = 	 {},
  OPTnote = 	 {},
  OPTannote = 	 {}
}

@Article{lilly69,
  author = 	 {D.K. Lilly},
  title = 	 {Numerical simulation of two-dimensional turbulence},
  journal = 	 {Physics of Fluids (Suppl. II)},
  year = 	 {1969},
  OPTkey = 	 {},
  volume =	 {11},
  OPTnumber = 	 {},
  pages =	 {240-249},
  OPTmonth = 	 {},
  OPTnote = 	 {},
  OPTannote = 	 {}
}



@Article{lorenz60,
  author = 	 {E. Lorenz},
  title = 	 {Energy and numerical weather prediction},
  journal = 	 {Tellus},
  year = 	 {1960},
  OPTkey = 	 {},
  volume =	 {12},
  OPTnumber = 	 {},
  pages =	 {364-373},
  OPTmonth = 	 {},
  OPTnote = 	 {},
  OPTannote = 	 {}
}

@Article{maltrud91,
  author = 	 "M.E. Maltrud and G.K. Vallis",
  title = 	 "Energy spectra in forced 2-D and beta-plane turbulence",
  OPTcrossref =  "",
  OPTkey = 	 "",
  journal = 	 jfm,
  year = 	 "1991",
  volume = 	 "228",
  OPTnumber = 	 "",
  pages = 	 "",
  OPTmonth = 	 "",
  OPTnote = 	 "",
  OPTannote = 	 ""
}



@Article{marcus88,
  author = 	 {P.S. Marcus},
  title = 	 {Numerical simulation of Jupiter's Great Red Spot},
  journal = 	 {Nature},
  year = 	 {1988},
  OPTkey = 	 {},
  volume =	 {331},
  number =	 {},
  pages =	 {693-96},
  OPTmonth = 	 {},
  OPTnote = 	 {},
  OPTannote = 	 {}
}

@Article{mcwill79,
  author = 	 "J.C.  McWilliams and G.R. Flierl",
  title = 	 "On the evolution of isolated, non-linear vortices",
  OPTcrossref =  "",
  OPTkey = 	 "",
  journal = 	 jpo,
  year = 	 "1979",
  volume =	 "9",
  OPTnumber = 	 "",
  pages = 	 "1155-1165",
  OPTmonth = 	 "",
  OPTnote = 	 "",
  OPTannote = 	 ""
}



@Article{mcwill84,
  author = 	 "J.C. McWilliams",
  title = 	 "Isolated coherent vortices in turbulent flow",
  OPTcrossref =  "",
  OPTkey = 	 "",
  journal = 	 jfm,
  year = 	 "1984",
  OPTvolume = 	 "",
  OPTnumber = 	 "",
  OPTpages = 	 "21-43",
  OPTmonth = 	 "",
  OPTnote = 	 "",
  OPTannote = 	 ""
}



@Article{mcwill86,
  author = 	 "J.C. McWilliams and P.R. Gent and N.J. Norton",
  title = 	 "The evolution of balanced low-mode vortices on the
		  beta plane",
  OPTcrossref =  "",
  OPTkey = 	 "",
  journal = 	 jpo,
  year = 	 "1986",
  volume = 	 "16",
  OPTnumber = 	 "",
  pages = 	 "838-860",
  OPTmonth = 	 "",
  OPTnote = 	 "",
  OPTannote = 	 ""
}



@Article{mcwill90,
  author = 	 "J.C. McWilliams",
  title = 	 "The vortices of 2-D turbulence",
  OPTcrossref =  "",
  OPTkey = 	 "",
  journal = 	 jfm,
  year = 	 "1990",
  volume = 	 "219",
  OPTnumber = 	 "",
  pages = 	 "361-386",
  OPTmonth = 	 "",
  OPTnote = 	 "",
  OPTannote = 	 ""
}



@Article{mcwill94,
  author = 	 "J.C. McWilliams and J.B. Weiss",
  title = 	 "Anisotropic geophysical vortices",
  OPTcrossref =  "",
  OPTkey = 	 "",
  journal = 	 "Chaos",
  year = 	 "1994",
  volume = 	 "4",
  number = 	 "2",
  pages = 	 "305-311",
  OPTmonth = 	 "",
  OPTnote = 	 "",
  OPTannote = 	 ""
}

@Article{polvani94,
  author = 	 "L.M. Polvani and J.C. McWilliams and M.A. Spall and R. Ford",
  title = 	 "The coherent structures of shallow water turbulence",
  OPTcrossref =  "",
  OPTkey = 	 "",
  journal = 	 "Chaos",
  year = 	 "1994",
  volume = 	 "4",
  number = 	 "2",
  pages = 	 "177-186",
  OPTmonth = 	 "",
  OPTnote = 	 "",
  OPTannote = 	 ""
}



@Article{potylit98,
  author = 	 "P.G. Potylitsin and W.R. Peltier",
  title = 	 "Stratification effects on the stability of columnar
		  vortices on the f-plane",
  OPTcrossref =  "",
  OPTkey = 	 "",
  journal =	 jfm,
  year =	 "1998",
  volume =	 "355",
  OPTnumber = 	 "",
  pages =	 "45-79",
  OPTmonth = 	 "",
  OPTnote = 	 "",
  OPTannote = 	 ""
}


@Article{prov99,
  author = 	 "A. Provenzale",
  title = 	 "Transport by coherent vortices",
  OPTcrossref =  "",
  OPTkey = 	 "",
  journal =	 annrev,
  year =	 "1999",
  volume =	 "31",
  OPTnumber = 	 "",
  pages =	 "55-93",
  OPTmonth = 	 "",
  OPTnote = 	 "",
  OPTannote = 	 ""
}

@Article{rhines75,
  author = 	 "Rhines",
  title = 	 "Waves and turbulence on a beta plane",
  OPTcrossref =  "",
  OPTkey = 	 "",
  journal =	 jfm,
  year =	 "1975",
  volume =	 "69",
  OPTnumber = 	 "",
  pages =	 "417-443",
  OPTmonth = 	 "",
  OPTnote = 	 "",
  OPTannote = 	 ""
}

@Article{sutyrin94,
  author = 	 "G.G. Sutyrin",
  title = 	 "Vortical structures on the beta plane",
  OPTcrossref =  "",
  OPTkey = 	 "",
  journal = 	 jfm,
  year = 	 "1994",
  volume = 	 "268",
  OPTnumber = 	 "",
  pages = 	 "30-42",
  OPTmonth = 	 "",
  OPTnote = 	 "",
  OPTannote = 	 ""
}

@Article{weiss91,
  author = 	 "J.B. Weiss",
  title = 	 "The dynamics of enstrophy transfer in
		  two-dimensional hydrodynamics",
  OPTcrossref =  "",
  OPTkey = 	 "",
  journal = 	 "Physica D",
  year = 	 "1991",
  volume = 	 "48",
  OPTnumber = 	 "",
  pages = 	 "273-294",
  OPTmonth = 	 "",
  OPTnote = 	 "",
  OPTannote = 	 ""
}

@Article{williams78,
  author = 	 "G.P. Williams",
  title = 	 "Barotropic representation of Jovian and terrestrial turbulence",
  OPTcrossref =  "",
  OPTkey = 	 "",
  journal = 	 jas,
  year = 	 "1978",
  volume =	 "35",
  OPTnumber = 	 "",
  pages =	 "1399-1426",
  OPTmonth = 	 "",
  OPTnote = 	 "",
  OPTannote = 	 ""
}



@Article{williams96,
  author = 	 {G.P. Williams},
  title = 	 {Jovian Dynamics I: Vortex stability, structure and genesis},
  journal = 	 jas,
  year = 	 {1996},
  OPTkey = 	 {},
  volume =	 {53},
  OPTnumber = 	 {},
  pages =	 {2685-2734},
  OPTmonth = 	 {},
  OPTnote = 	 {},
  OPTannote = 	 {}
}

@Article{williams97,
  author = 	 {G.P. Williams},
  title = 	 {Planetary vortices and Jupiter's vertical structure},
  journal = 	 {Journal of Geophysical Research},
  year = 	 {1997},
  OPTkey = 	 {},
  volume =	 {102},
  OPTnumber = 	 {},
  pages =	 {9303-9308},
  OPTmonth = 	 {},
  OPTnote = 	 {},
  OPTannote = 	 {}
}

@Article{yano94,
  author = 	 {Jun-Ichi Yano},
  title = 	 {A critical review on the dynamics of Jovian atmospheres},
  journal = 	 {Chaos},
  year = 	 {1994},
  OPTkey = 	 {},
  volume =	 {4},
  number =	 {2},
  pages =	 {287-298},
  OPTmonth = 	 {},
  OPTnote = 	 {},
  OPTannote = 	 {}
}

@InBook{solarsys,
  ALTauthor = 	 {A.P. Ingersoll},
  editor = 	 {J.K. Beatty and C.C. Petersen and A. Chaikin},
  title = 	 {The new solar system},
  chapter = 	 {15},
  publisher = 	 {Cambridge},
  year = 	 {1999},
  OPTkey = 	 {},
  OPTvolume = 	 {},
  OPTnumber = 	 {},
  OPTseries = 	 {},
  OPTtype = 	 {},
  OPTaddress = 	 {},
  edition =	 {4th},
  OPTmonth = 	 {},
  pages = 	 {201-221},
  OPTnote = 	 {},
  OPTannote = 	 {}
}