%@String{joc = {Journal of Climate}}
%@String{qjrms = {Quarterly Journal of the Royal Meteorological
%                  Society}}
%@String{grl = {Geophysical Research Letters}}
%@String{cd = {Climate Dynamics}}
%@String{jgr = {Journal of Geophysical Research}}
%@String{jgro = {Journal of Geophysical Research - Oceans}}
%@String{mwr = {Monthly Weather Review}}
%@String{jas = {Journal of Atmospheric Science}}
%@String{jam = {Journal of Applied Meteorology}}
%@String{bams = {Bulletin of the American Meteorological Society}}
%@String{jpo = {Journal of Physical Oceanography}}
%@String{aee = {Agriculture Ecosystems and Environment}}
%@String{bwho = {Bulletin of the World Health Organization}}
%@String{tp = {Trends in Parasitology}}
%@String{tel = {Tellus}}
%@String{wf = {Weather and Forecasting}}
%@String{nat = {Nature}}
%@String{jh  = {Journal of Hydrometeorology}}
%@String{bams = {Bulletine of the American Meteorological Society}}
%@String{asl = {Atmospheric Science Letters}}
%@String{jmsj = {Journal of the Meteorological Society of Japan}}
%@String{ijc = {International Journal of Climatology}}

@String{joc = {J. Climate}}
@String{qjrms = {Quart. J. Roy. Meteor. Soc.}}
@String{grl = {Geophys. Res. Lett.}}
@String{cd = {Climate Dyn.}}
@String{jgr = {J. Geophys. Res.}}
@String{jgro = {J. Geophys. Res. - Oceans}}
@String{mwr = {Mon. Wea. Rev.}}
@String{jas = {J. of Atmos Sci.}}
@String{jam = {J. Appl. Meteor.}}
@String{bams = {Bull. Amer. Meteor. Soc.}}
@String{jpo = {J. Phys. Oceanogr.}}
@String{aee = {Agriculture Ecosystems and Environment}}
@String{bwho = {Bull. World Health Org.}}
@String{tp = {Trends in Parasitology}}
@String{tel = {Tellus}}
@String{wf = {Wea. Forecasting}}
@String{nat = {Nature}}
@String{jh  = {J. Hydrometeorology}}
@String{bams = {Bull. Amer. Meteor. Soc.}}
@String{asl = {Atmos. Sci. Lett.}}
@String{jmsj = {J. Meteor. Soc, Japan}}
@String{ijc = {Int. J. of Climatology}}

@Article{BL87,
	author =			 {Barnston, A.G. and Livesey, R.E.},
	title =				 {{Classification, seasonality and persistence of low
                  frequency circulation patterns}},
	journal =			 mwr,
	year =				 {1987},
	volume =			 {115},
  pages =        {1083-1126}
	,OPTnote =				 {}
}

@Article{BLS97,
	author = 			 {Bony, S. and Lau, K-M and Sud, Y.C.},
	title = 			 {Sea surface temperture and large-scale circulation influences on tropical greenhouse effect and cloud radiative forcing},
	journal = 		 joc,
	year = 				 {1997},
	OPTkey = 			 {},
	volume = 	 {10},
	OPTnumber = 	 {},
	pages = 		 {2055-2077},
	OPTmonth = 		 {Aug},
	OPTnote = 		 {\\ {\bf G}},
	OPTannote = 	 {}
}

@Article{BP00,
	author = 			 {Brankovic, C. and Palmer, T.N.},
	title = 			 {{Seasonal skill and predictability of ECMWF PROVOST ensembles}},
	journal = 		 qjrms,
	year = 				 {2000},
	OPTkey = 			 {},
	volume = 	 {126},
	number = 	 {567},
	pages = 		 {2035-2067},
	OPTmonth = 		 {Jul},
	OPTnote = 		 {\\ {\bf SP}}
}

@Article{BPF94,
	author = 			 {Brankovic, C. and Palmer, T.N. and Ferranti, L.},
	title = 			 {Predictability of seasonal atmospheric variations},
	journal = 		 joc,
	year = 				 {1994},
	OPTkey = 			 {},
	volume = 	 {7},
	OPTnumber = 	 {},
	pages = 		 {217-237},
	OPTmonth = 		 {February},
	OPTnote = 		 {\\ {\bf SP}}
}

@Article{BPL+99,
	author =			 {Barnett, T.P. and Pierce, D.W. and Latif, M. and
                  Dommenget, D. and Saravanan, R.},
	title =				 {{Interdecadal interactions between the tropics and
                  midlatitudes in the Pacific basin}},
	journal =			 grl,
	year =				 {1999},
	volume =			 {26},
	number =			 {5},
	pages =				 {615-618},
	OPTmonth =				 {March}
	,OPTnote =				 {}
}

@Article{BS99,
	author = 			 {Burgers, G. and Stephenson, D.B. },
	title = 			 {{The Normality of \elnino}},
	journal = 		 grl,
	year = 				 {1999},
	OPTkey = 			 {},
	volume = 	 {29},
	number = 	 {D7},
	pages = 		 {1027-1030},
	OPTmonth = 		 {April},
	OPTnote = 		 {}
}

@Article{BSF+00,
	author = 			 {Becker, B.D. and Slingo, J.M. and Ferranti, L. and Molteni, F.},
	title = 			 {{Seasonal predictability of the Indian Summer Monsoon: What role do land surface conditions play?}},
	journal = 		 {Millenial Special Issue of MAUSAM on `Global and Regional Climate Change'},
	year = 				 {2000},
	OPTnote = 		 {}
}

@Article{BSW92,
	author =			 {Bretherton, C.S. and Smith, C. and Wallace, J.M.},
	title =				 {{An intercomparison of methods for finding coupled
                  patterns in climate data}},
	journal =			 joc,
	year =				 {1992},
	OPTkey =			 {},
	volume =			 {5},
	OPTnumber =		 {},
	pages =				 {541-560},
	OPTmonth =		 {}
	,OPTnote =				 {}
}

@Article{Bla99,
	author =			 {Blade, I.},
	title =				 {{The influence of midlatitude ocean-atmosphere
                  coupling on the low-frequency variability of a
                  GCM. Part II: Interannual variability induced by
                  tropical SST forcing}},
	journal =			 joc,
	year =				 {1999},
	volume =			 {12},
	number =			 {1},
	pages =				 {21-45},
	OPTmonth =				 {January}
	,OPTnote =				 {}
}

@Article{Bra95,
	author =			 {Branstator, G},
	title =				 {{Organisation of storm track anomalies by recurring
                  low-frequency circulation anomalies}},
	journal =			 jas,
	year =				 {1995},
	OPTkey =			 {},
	volume =			 {52},
	OPTnumber =		 {},
	pages =				 {207-226},
	OPTmonth =		 {}
	,OPT =				 {\\ {\bf ET}}
}

%  author = 			 {Covey, C. and Coauthors},
@Article{CAB+00,
 author = 			 {Covey, C. and Abe-Ouchi, A. and Boer, G.J. and Boville, B.A. and Cubasch, U. and Fairhead, L. and Flato, G.M. and Gordon, H. and Guilyardi, E. and Jiang, X. and Johns, T.C. and Le Treut, H. and Madec, G. and Meehl, G.A. and Miller, R. and Noda, A. and Power, S.B. and Roeckner, E. and Russell, G. and Schneider, E.K. and Stouffer, R.J. and Terray, L. and von Storch, J.S.},
	title = 			 {The seasonal cycle in coupled ocean-atmosphere general circulation models},
	journal = 		 cd,
	year = 				 {2000},
	volume = 	 {16},
	pages = 		 {775-787},
	OPTmonth = 		 {Oct},
	OPTnote = 		 {}
}

@Manual{COADS,
	title = 			 {Atlas of Surface Marine Data 1994},
	OPTkey = 			 {},
	author = 	 {{da Silva}, A. M. and C. C. Young and S. Levitus},
	organization = {NOAA},
	address = 	 {http://dss.ucar.edu/datasets/ds541.1},
	OPTedition = 	 {},
	OPTmonth = 		 {},
	year = 		 {2002},
	OPTnote = 		 {}
}

@Article{WLW+93,
	author = 			 {Woodruff, S.D. and S.J. Lubker and K. Wolter and S.J. Worley and J.D. Elms},
	title = 			 {{Comprehensive Ocean-Atmosphere Data Set (COADS) Release 1a: 1980-92}},
	journal = 		 {Earth System Monitor},
	year = 				 {1993},
	OPTkey = 			 {},
	volume = 	 {4},
	number = 	 {1},
	pages = 		 {1-8},
	OPTmonth = 		 {},
	OPTnote = 		 {},
	OPTannote = 	 {}
}

@Article{WSJS87,
	author = 			 {Woodruff, S.D. and Slutz, R.J. and Jenne, R.L. and Steurer, P.M.},
	title = 			 {A Comprehensive Ocean-Atmosphere Data Set},
	journal = 		 bams,
	year = 				 {1987},
	OPTkey = 			 {},
	volume = 	 {68},
	number = 	 {10},
	pages = 		 {1239-1239},
	OPTmonth = 		 {},
	OPTnote = 		 {}
}


@Article{CT00,
	author = 			 {Cassou, C. and Terray, L.},
	title = 			 {{Oceanic forcing of the wintertime low-frequency atmospheric variability in the North Atlantic European sector: A study with the ARPEGE model}},
	journal = 		 joc,
	year = 				 {2001},
	OPTkey = 			 {},
	volume = 	 {14},
	number = 	 {22},
	pages = 		 {4266-4291},
	OPTmonth = 		 {},
	OPTnote = 		 {\\ {\bf NA}}
}


@Article{CTC01,
	author = 			 {Collins, M. and Tett, S.F.B. and Cooper, C},
	title = 			 {{The internal climate variability of HadCM3, a version of the Hadley Centre coupled model without flux adjustments}},
	journal = 		 cd,
	year = 				 {2001},
	OPTkey = 			 {},
	volume = 	 {17},
	number = 	 {1},
	pages = 		 {61-81},
	OPTmonth = 		 {Jan},
	OPTnote = 		 {}
}

@Article{DB95,
	author =			 {Deser, C. and Blackmon, M.L.},
	title =				 {{On the relationship between tropical and North
                  Pacific SST variations}},
	journal =			 joc,
	year =				 {1995},
	OPTkey =			 {},
	volume =			 {8},
	OPTnumber =		 {},
	pages =				 {1677-1680},
	OPTmonth =		 {}
	,OPTnote =				 {\\ {\bf SP}}
}

@Article{DW90,
	author =			 {Deser, C. and Wallace, J.M.},
	title =				 {{Large-scale atmospheric circulation features of warm
                  and cold episodes in the tropical Pacific}},
	journal =			 joc,
	year =				 {1990},
	volume =			 {3},
  pages =        {1254-1281}
	,OPTnote =				 {\\ {\bf SP}}
}

@Article{Del96,
	author =			 {Delworth, T.L.},
	title =				 {{North Atlantic interannual variability in a coupled
                  ocean-atmosphere model}},
	journal =			 joc,
	year =				 {1996},
	OPTkey =			 {},
	volume =		 {9},
	number =		 {10},
	pages =		 {2356-2375},
	OPTmonth =		 {}
	,OPTnote =				 {}
}

@Article{Duc79,
	author = 			 {Duchon, C.E.},
	title = 			 {{Lanczos filtering in one and two dimensions}},
	journal = 		 jam,
	year = 				 {1979},
	OPTkey = 			 {},
	volume = 	 {98},
	OPTnumber = 	 {},
	pages = 		 {1016-1022},
	OPTmonth = 		 {Aug},
	OPTnote = 		 {\\ {\bf M}}
}

@Manual{ECM1,
	title =				 {{The Description of ECMWF/WCRP Level III-A Global
                  Atmospheric Data Archive}},
	organization = {ECMWF},
	year =				 {1995}
	,OPTnote =				 {}
}

@Manual{ECM2,
	title =				 {{The Description of ECMWF Re-analysis Global
                  Atmospheric Data Archive}},
	organization = {ECMWF},
	year =				 {1996}
	,OPTnote =				 {}
}

@Article{EJS01,
	author = 			 {Elliott, J. R. and Jewson, S.P. and Sutton, R.T.},
	title = 			 {{The impact of the 1997/98 \elnino\ event on the Atlantic Ocean}},
	journal = 		 joc,
	year = 				 {2001},
	OPTkey = 			 {},
	volume = 	 {14},
	OPTnumber = 	 {},
	pages = 		 {1069-1077},
	OPTmonth = 		 {},
	OPTnote = 		 {}
}

@Article{FMP94,
	author = 			 {Ferranti, L. and Molteni, F. and Palmer, T.N.},
	title = 			 {{Impact of localized tropical and extratropical SST anomalies in ensembles of seasonal GCM integrations}},
	journal = 		 qjrms,
	year = 				 {1994},
	OPTkey = 			 {},
	volume = 	 {120},
	number = 	 {520},
	pages = 		 {1613-1645},
	OPTmonth = 		 {Oct},
	OPTnote = 		 {\\ {\bf SP}},
	OPTannote = 	 {}
}

%	author = 			 {Folland, C.K. and Coauthors},
@Article{FRB+01,
	author = 			 {Folland, C.K. and Rayner, N.A. and Brown, S.J. and Smith, T.M. and Shen, S.S.P. and Parker, D.E. and Macadam, I. and Jones, P.D. and Nicholls, N. and Sexton, D.M.H.},
	title = 			 {Global temperature change and its uncertainties since 1861},
	journal = 		 grl,
	year = 				 {2001},
	OPTkey = 			 {},
	volume = 	 {28},
	number = 	 {13},
	pages = 		 {2621-2624},
	OPTmonth = 		 {July},
	OPTnote = 		 {\\ {\bf G}}
}

@Article{FS99,
	author	=	{Fennessy, M.J. and Shukla, L.},
	title 	=	{{Impact of initial soil wetness on seasonal atmospheric prediction}},
	journal	=	joc,
	year	=	{1999},
	OPTkey	=	{},
	volume	=	{12},
	OPTnumber	=	{},
	pages	=	{3167-3180},
	OPTmonth	=	{November},
	OPTnote	=	{\\ {\bf LS}}
}

@Article{Fra83,
	author = 			 {William M. Frank},
	title = 			 {{Review: The cumulus parameterization problem}},
	journal = 		 mwr,
	year = 				 {1983},
	OPTkey = 			 {},
	volume = 	 {111},
	OPTnumber = 	 {},
	pages = 		 {1857-1871},
	OPTmonth = 		 {Sept},
	OPTnote = 		 {\\ {\bf Mo}}
}

@Article{GBB+85,
	author	=	{Geisler, J.E. and Brown, M.L. and Bates, G.T. and Mu\~{n}oz, S.},
	title 	=	{{Sensitivity of January climate response to the magnitude and position of equatorial pacific sea surface temperature amomalies}},
	journal	=	jas,
	year	=	{1985},
	OPTkey	=	{},
	volume	=	{42},
	number	=	{10},
	pages	=	{1037-1049},
	OPTmonth	=	{May},
	OPTnote	=	{\\ {\bf SP}}
}

@Article{GBW+94,
	author =			 {Graham, N.E. and Barnett, T.P. and Wilde, R. and
                  Schlese, U. and Bengtsson, L.},
	title =				 {{On the roles of tropical and midlatitude SSTs in
                  forcing interannual to interdecadal variability in
                  the winter Northern hemisphere circulation}},
	journal =			 joc,
	year =				 {1994},
	OPTkey =			 {},
	volume =			 {7},
	OPTnumber =		 {},
	pages =		 {1416-1441},
	OPTmonth =		 {}
	,OPTnote =				 {}
}

@Article{GCC+01,
	author = 			 {Giannini, A. and Chiang, J.C.H. and Cane, M.A. and Kushnir, Y. and Seager, R.},
	title = 			 {{The ENSO teleconnection to the tropical Atlantic ccean: contributions of the remote and local SSTs to rainfall variability in the tropical Americas}},
	journal = 		 joc,
	year = 				 {2001},
	OPTkey = 			 {},
	volume = 	 {14},
	OPTnumber = 	 {},
	pages = 		 {4530-4544},
	OPTmonth = 		 {Dec},
	OPTnote = 		 {\\ {\bf SP}}
}

@Article{GEM+00,
	author = 			 {Graham, R.J. and Evans, A.D.L. and Mylne, K.R. and Harrison, M.S.J. and Robertson, K.B.},
	title = 			 {An assessment of seasonal predictability using atmospheric general circulation models},
	journal = 		 qjrms,
	year = 				 {2000},
	OPTkey = 			 {},
	volume = 	 {126},
	number = 	 {567},
	pages = 		 {2211-2240},
	OPTmonth = 		 {Jul},
	OPTnote = 		 {\\ {\bf SP}},
	OPTannote = 	 {}
}

@Article{GLT+99,
	author = 			 {Grotzner, A. and Latif, M. and Timmermann, A. and Voss, V.},
	title = 			 {Interannual to Decadal Predictability in a Coupled Ocean Atmosphere General Circulation Model},
	journal = 		 joc,
	year = 				 {1999},
	volume = 	 {12},
	number = 	 {8},
	pages = 		 {2607-2624},
	OPTnote = 		 {\\ {\bf NA}}
}

@Article{GP95,
	author = 			 "Gu, D and Philander, G.H.",
	title = 			 "{Secular changes of annual and interannual
									variablilty in the tropics during the past century}",
	OPTcrossref =  "",
	OPTkey = 			 "",
	journal = 	 joc,
	year = 		 "1995",
	volume = 	 "8",
	OPTnumber = 	 "",
	pages = 		 "864-875",
	OPTmonth = 		 "April"
	,OPTnote = 		 "\\ {\bf SP}"
}

@Article{GR90,
	author = 			 {Gregory, D. and Rowntree, P.R.},
	title = 			 {A Mass Flux Convection Scheme with Representation of Cloud Ensemble Charateristics and Stability-Dependent Closure},
	journal = 		 mwr,
	year = 				 {1990},
	OPTkey = 			 {},
	volume = 	 {118},
	OPTnumber = 	 {},
	pages = 		 {1483-1506},
	OPTmonth = 		 {July},
	OPTnote = 		 {\\ {\bf Mo}}
}

@Article{Gil80,
	author = 			 {Gill, A.E.},
	title = 			 {{Some simple solutions for heat-induced tropical circulation}},
	journal = 		 qjrms,
	year = 				 {1980},
	OPTkey = 			 {},
	volume = 	 {106},
	OPTnumber = 	 {},
	pages = 		 {447-462},
	OPTmonth = 		 {},
	OPTnote = 		 {\\ {\bf Ph}}
}

@Article{HHX01,
	author = 			 {Hoerling, M. P. and Hurrell, J.W. and  Xu, T},
	title = 			 {{Tropical origins for recent North Atlantic climate change}},
	journal = 		 {Science},
	year = 				 {2001},
	OPTkey = 			 {},
	volume = 	 {292},
	OPTnumber = 	 {},
	pages = 		 {90-92},
	OPTmonth = 		 {Apr},
	OPTnote = 		 {\\ {\bf NA}}
}

@Article{HK81,
	author = 			 {Hoskins, B.J. and Karoly, D.J.},
	title = 			 {The Steady Linear Response Of A Spherical Atmosphere To Thermal And Orographic Forcing},
	Journal = 		 jas,
	year = 				 {1981},
	OPTkey = 			 {},
	volume = 	 {38},
	number = 	 {6},
	pages = 		 {1179-1196},
	OPTmonth = 		 {},
	OPTnote = 		 {\\ {\bf Ph}}
}

@Article{HK87,
	author = 			 {Held, I.M. and Kang, I-S},
	title = 			 {{Barotropic models of the extratropical response to \elnino}},
	journal = 		 jas,
	year = 				 {1987},
	OPTkey = 			 {},
	volume = 	 {44},
	number = 	 {23},
	pages = 		 {3576-3586},
	OPTmonth = 		 {Dec},
	OPTnote = 		 {\\ {\bf SP}}
}

@Article{HKZ97,
	author =			 {Hoerling, M.P. and Kumar, A. and Zhong, M.},
	title =				 {{\elnino, \lanina\ and the nonlinearities of their
                  teleconnections}},
	journal =			 joc,
	year =				 {1997},
	OPTkey =			 {},
	volume =		 {10},
	number =		 {8},
	pages =		 {1769-1786},
	OPTmonth =				 {August}
	,OPTnote =				 {\\ {\bf SP}}
}

@Article{KH0x,
	author =			 {Kumar, A. and Hoerling, M.P.},
	title =				 {{The nature and causes for the delayed atmospheric response to \elnino}},
	journal =			 joc,
	year =				 {200x},
	OPTkey =			 {},
	OPTvolume =		 {},
	OPTnumber =		 {},
	OPTpages =		 {},
	OPTmonth =				 {}
	,OPTnote =				 {\\ {\bf SP}}
}

@Article{HLN89,
	author = 			 {Held, I.M. and Lyons, S.W. and Nigam, S.},
	title = 			 {{Transients of the extratropical response to \elnino}},
	journal = 		 jas,
	year = 				 {1989},
	OPTkey = 			 {},
	volume = 	 {46},
	number = 	 {1},
	pages = 		 {163-174},
	OPTmonth = 		 {Jan},
	OPTnote = 		 {\\ {\bf ET}}
}

@Article{HNRY99,
	author = 			 {Hoskins, B.J. and Neale, R. and Rodwell, M. and Yang, G.Y.},
	title = 			 {Aspects of the large-scale tropical atmospheric circulation},
	journal = 		 {Tellus Series A: Dynamical Meteorology and Oceanography},
	year = 				 {1999},
	OPTkey = 			 {},
	volume = 	 {51},
	number = 	 {1},
	pages = 		 {33-44},
	OPTmonth = 		 {},
	OPTnote = 		 {\\ {\bf Ph}}
}

@Article{HR92,
	author = 			 {Halpert, M.S. and Ropelewski, C.F.},
	title = 			 {{Surface temperature patterns associated with the Southern Oscillation}},
	journal = 		 joc,
	year = 				 {1992},
	OPTkey = 			 {},
	volume = 	 {5},
	OPTnumber = 	 {},
	pages = 		 {577-593},
	OPTmonth = 		 {},
	OPTnote = 		 {\\ {\bf SP}}
}

@Article{HT94,
	author =			 {Hoerling, M.P. and Ting, M.},
	title =				 {{Organisation of extratropical transients during \elnino }},
	journal =			 joc,
	year =				 {1994},
	volume =			 {7},
  pages =        {745-766}
	,OPTnote =				 {\\ {\bf ET}}
}

@Article{HW81,
	author = 			 {Horel, J.D. and Wallace, J.M.},
	title = 			 {{Planetary scale atmospheric phenomena associated with the Southern Oscillation}},
	journal = 		 mwr,
	year = 				 {1981},
	OPTkey = 			 {},
	volume = 	 {109},
	OPTnumber = 	 {},
	pages = 		 {813-829},
	OPTmonth = 		 {}
	,OPTnote = 		 {\\ {\bf SP}}
}

@Manual{Had98,
	title =				 {{GISST, Global sea-Ice and SST data}},
	organization = {Hadley Centre, UK Meteorological Office},
	year =				 {1998}
	,OPTnote =				 {}
}

@Article{Han01,
	author = 			 {Hannachi, A.},
	title = 			 {{Toward a nonlinear identification of the atmospheric response to ENSO}},
	journal = 		 joc,
	year = 				 {2001},
	OPTkey = 			 {},
	volume = 	 {14},
	number = 	 {9},
	pages = 		 {2138-2149},
	OPTmonth = 		 {},
	OPTnote = 		 {\\ {\bf SP}}
}

@InProceedings{IS01,
	author = 			 {Inness, P.M. and Slingo, J.M.},
  year = {2001},
	title = 			 {{Simulation of the Madden-Julian Oscillation: A tough test for a coupled Model}},
	booktitle = 	 {Proceedings of the 81st Annual Meeting of the American Meteorological Society - Symposium on Climate Variability, the Oceans and Societal Impacts},
}

@Article{ISW+01,
	author = 			 {Inness, P.M. and Slingo, J.M. and Woolnough, S.J. and Neale, R.B. and Pope, V.D.},
	title = 			 {{Organization of tropical convection in a GCM with varying vertical resolution; implications of the Madden-Julian Oscillation}},
	journal = 		 cd,
	year = 				 {2001},
	OPTkey = 			 {},
	volume = 	 {17},
	number = 	 {10},
	pages = 		 {777-793},
	OPTmonth = 		 {Jul},
	OPTnote = 		 {}
}

@Article{JLH91,
	author = 			 {Joseph, P.V. and Liebmann, B. and Hendon, H.H.},
	title = 			 {{Interannual variability of the Australian summer monsoon onset - possible influence of Indian-summer monsoon and \elnino}},
	journal = 		 joc,
	year = 				 {1991},
	OPTkey = 			 {},
	volume = 	 {4},
	number = 	 {5},
	pages = 		 {1991},
	OPTmonth = 		 {May},
	OPTnote = 		 {\\ {\bf TT}}
}

@Article{Jin97,
	author = 			 {Fei-Fei Jin},
	title = 			 {{An equatorial ocean recharge paradigm for ENSO. Part I: Conceptual model}},
	journal = 		 jas,
	year = 				 {1997},
	OPTkey = 			 {},
	volume = 	 {54},
	OPTnumber = 	 {},
	pages = 		 {811-829},
	OPTmonth = 		 {April},
	OPTnote = 		 {}
}

@Article{KA99,
	author = 			 {Kitoh, A. and Arakawa, O.},
	title = 			 {On overestimation of tropical precipitation by and atmospheric {GCM} with prescribed {SST}},
	journal = 		 grl,
	year = 				 {1999},
	OPTkey = 			 {},
	volume = 	 {26},
	number = 	 {19},
	pages = 		 {2965-2968},
	OPTmonth = 		 {Oct},
	OPTnote = 		 {\\ {\bf TT}}
}

@Article{KD80,
	author =			 {Kiladis, G.N. and Diaz, H.F.},
	title =				 {{Global climatic anomalies associated with extremes
                  in the Southern Oscillation}},
	journal =			 joc,
	year =				 {1980},
	volume =			 {2},
  pages =        {1069-1090}
	,OPTnote =				 {}
}

@Article{KDH+01,
	author = 			 {Koster, R.D. and Dirmeyer, P.A. and Hahmann, A.N. and Ijpelaar, R. and Tyahla, L. and Cox, P. and Suarez, M.J.},
	title = 			 {Comparing the degree of land-atmosphere interaction in four atmospheric general circulation models},
	journal = 		 jh,
	year = 				 {2001},
	OPTkey = 			 {},
	volume = 	 {3},
	number = 	 {3},
	pages = 		 {363-375},
	OPTmonth = 		 {},
	OPTnote = 		 {\\ {\bf LS}}
}

@Article{KG00,
	author =			 {Krishnamurthy, V. and Goswami, B.N.},
	title =				 {{Indian monsoon-ENSO relationship on interdecadal
                  timescale}},
	journal =			 joc,
	year =				 {2000},
	volume =			 {13},
	number =			 {3},
	pages =				 {579-595},
	OPTmonth =				 {Feb}
	,OPTnote =				 {\\ {\bf IM}}
}

@Article{KH97,
	author =			 {Kumar, A. and Hoerling, M.P.},
	title =				 {{Interpretation and implications of observed
                  inter-\elnino\ variability}},
	journal =			 joc,
	year =				 {1997},
	OPTkey =			 {},
	volume =			 {10},
	OPTnumber =		 {},
	pages =		 {83-91},
	OPTmonth =		 {}
	,OPTnote =				 {}
}

@Article{KHL+96,
	author = 			 {Kumar, A. and Hoerling, M. and Leetma, M.J.A. and Sardeshmukh, P.},
	title = 			 {{Assessing a GCM's suitability for making seasonal predictions}},
	journal = 		 joc,
	year = 				 {1996},
	volume = 	 {9},
	pages = 		 {115-129},
	OPTnote = 		 {\\ {\bf SP}}
}

@Article{KK00,
	author =			 {Kessler, W.S. and Kleeman, R.},
	title =				 {{Rectification of the Madden-Julian Oscillation into
                  the ENSO cycle}},
	journal =			 joc,
	year =				 {2000},
	volume = 	 {13},
  number =   {20},
	pages = 		 {3560-3575},
	OPTnote =				 {}
}

@Article{KK99,
	author	=	{Kripalani, R.H. and Kulkarni, A.},
	title 	=	{{Climatology and variability of historical Soviet snow depth data: some new perspectives in snow - Indian monsoon teleconnections}},
	journal	=	cd,
	year	=	{1999},
	OPTkey	=	{},
	volume	=	{15},
	OPTnumber	=	{},
	pages	=	{475-489},
	OPTmonth	=	{},
	OPTnote	=	{}
}

@Article{KMW95,
	author =			 {Kessler, W.S. and McPhaden, M.J. and Weickmann, K.M.},
	title =				 {{Forcing of intraseasonal Kelvin waves in the
                  equatorial Pacific}},
	journal =			 jgro,
	year =				 {1995},
	volume =			 {100},
  number =       {C6},
	pages =				 {10613-10631}
	,OPTnote =				 {}
}

@Article{KSKS97,
	author = 			 {Kawamura, R. and Sugi, M. and Kayahara, T. and Sato, N.},
	title = 			 {{Recent abnormal changes in wintertime atmospheric response to tropical SST forcing}},
	journal = 		 grl,
	year = 				 {1997},
	OPTkey = 			 {},
	volume = 	 {24},
	number = 	 {7},
	pages = 		 {783-786},
	OPTmonth = 		 {Apr},
	OPTnote = 		 {\\ {\bf SP}},
	OPTannote = 	 {}
}

@Article{KSL99,
	author =			 {Klein, S.A. and Soden, B.J. and Lau, N.C.},
	title =				 {{Remote sea surface temperature variations during
                  ENSO: Evidence for a tropical atmospheric bridge}},
	journal =			 joc,
	year =				 {1999},
	volume =			 {12},
	number =			 {4},
	pages =				 {917-932},
	OPTmonth =				 {April}
	,OPTnote =				 {\\ {\bf SP}}
}

@Article{KW92,
	author = 			 {Kiladis, G.N. and Weickmann, K.M.},
	title = 			 {{Extratropical forcing of tropical Pacific convection during northern winter}},
	journal = 		 mwr,
	year = 				 {1992},
	OPTkey = 			 {},
	volume = 	 {120},
	OPTnumber = 	 {},
	pages = 		 {1924-1938},
	OPTmonth = 		 {}
	,OPTnote = 		 {}
}

@Article{Kha95,
	author = 			 {Kharin, V.V.},
	title = 			 {{The relationship between sea-surface temperature anomalies and atmospheric circulation in GCM experiments}},
	journal = 		 cd,
	year = 				 {1995},
	OPTkey = 			 {},
	volume = 	 {11},
	number = 	 {6},
	pages = 		 {359-375},
	OPTmonth = 		 {Aug},
	OPTnote = 		 {\\ {\bf SP}},
	OPTannote = 	 {}
}

%	author = 			 {Latif, M. and Coauthors},
@Article{LAB+98,
	author = 			 {Latif, M. and D. Anderson and T. Barnett and M. Cane and R. Kleeman and A. Leetma and J. O'Brien and A. Rosati and E. Schneider},
	title = 			 {{A review of the predictability and prediction of ENSO}},
	journal = 		 jgr,
	year = 				 {1998},
	OPTkey = 			 {},
	volume = 	 {103},
	number = 	 {C7},
	pages = 		 {14375-14313},
	OPTmonth = 		 {June},
	OPTnote = 		 {\\ {\bf SP}}
}

@Article{LN94,
	author =			 {Lau, N-C and Nath, M.J.},
	title =				 {{A modelling study of the relative roles of tropical
                  and extratropical SST anomalies in the variability
                  of the global atmosphere-ocean system}},
	journal =			 joc,
	year =				 {1994},
	OPTkey =			 {},
	volume =			 {7},
	OPTnumber =		 {},
	pages =		 {1184-1207},
	OPTmonth =		 {}
	,OPTnote =				 {\\ {\bf SP}}
}

@Article{LN96,
	author =			 {Lau, N-C and Nath, M.J.},
	title =				 {{The Role of the ``Atmospheric Bridge" in Linking
                  Tropical Pacific ENSO Events to Extratropical SST
                  Anomalies}},
	journal =			 joc,
	year =				 {1996},
  pages =        {2036-2057},
  volume =       {9},
  OPTmonth =        {Sept}
	,OPTnote =				 {\\ {\bf SP}}
}

%	author = 			 {Latif, M. and Coauthors},
@Article{LSA+01,
	author = 			 {Latif, M. and Sperber, K. and Arblaster, J. and Braconnot, P. and Chen, D. and Colman, A. and Cubasch, U. and Cooper, C. and Delecluse, P. and DeWitt, D. and Fairhead, L. and Flato, G. and Hogan, T. and Ji, M. and Kimoto, M. and Kitoh, A. and Knutson, T. and Le Treut, H. and Li, T. and Manabe, S. and Marti, O. and Mechoso, C. and Meehl, G. and Power, S. and Roeckner, E. and Sirven, J. and Terray, L. and Vintzileos, A. and Voss, R. and Wang, B. and Washington, W. and Yoshikawa, I. and Yu, J. and Zebiak, S.},
	title = 			 {{ENSIP: the \elnino\ simulation intercomparison project}},
	journal = 		 cd,
	year = 				 {2001},
	OPTkey = 			 {},
	volume = 	 {18},
	number = 	 {3-4},
	pages = 		 {255-276},
	OPTmonth = 		 {Dec},
	OPTnote = 		 {\\ {\bf SP}},
	OPTannote = 	 {}
}

%	author =			 {McPhaden, M.J. and Coauthors},
@Article{MBC+98,
	author =			 {McPhaden, M.J. and Busalach, A.J. and Cheney, R. and  Donguy, J.R. and Gage, K.S. and Halpern, D. and  Ji, M. and Julian, P. and Meyers, G. and Mitchum,  G.T. and Niiler, P.P. and Picaut, J. and Reynolds,  R.W. and Smith, N. and Takeuchi, K.},
	title =				 {{The tropical ocean, global atmosphere (TOGA)
                  observing system: a decade of progress}},
	journal =			 jgr,
	year =				 {1998},
	volume =			 {103},
	pages =				 {14,169-14,240}
	,OPTnote =				 {\\ {\bf Ph}}
}

@TechReport{MF00,
	author = 			 {Molteni, F. and Ferranti, L.},
	title = 			 {{Non-linear aspects of the systematic errors of the ECMWF Coupled model}},
	institution =  {ECMWF},
	year = 				 {2000},
	OPTkey = 			 {},
	OPTtype = 		 {},
	OPTnumber = 	 {},
	OPTaddress = 	 {},
	OPTmonth = 		 {}
	,OPTnote = 		 {\\ {\bf SP}}
}

@Misc{MB02,
	key = 			 {Interim report on the special project},
	author = 	 {Molteni, F. and Brankovic, C.},
	title = 		 {{Nonlinear aspects of the systematic error of the ECMWF coupled model (NASEC)}},
	OPThowpublished = {},
	OPTmonth = 		 {},
	year = 		 {2002},
	note = 		 {ECMWF interim report. 7 pages. In collaboration with Laura Ferranti},
	OPTannote = 	 {}
}

@Article{MM93,
	author = 			 {Marshall, J. and Molteni, F.},
	title = 			 {Toward a Dynamical Understanding of  Planetary-Scale Flow Regimes},
	journal = 		 jas,
	year = 				 {1993},
	OPTkey = 			 {},
	volume = 	 {50},
	number = 	 {12},
	pages = 		 {1792 -1818},
	OPTmonth = 		 {},
	OPTnote = 		 {\\ {\bf M}}
}

@Article{MRL98,
	author =			 {Montroy, D.L. and Richman, M.B. and Lamb, P.J.},
	title =				 {{Observed nonlinearities of monthly teleconnections
                  between tropical Pacific sea surface temperature
                  anomalies and central and eastern North American
                  precipitation}},
	journal =			 joc,
	year =				 {1998},
	volume =			 {11},
	number =			 {7},
	pages =				 {1812-1835},
	OPTmonth =				 {July}
	,OPTnote =				 {}
}

@Article{MW96,
	author =			 {Mitchell, T.P. and Wallace, J.M.},
	title =				 {{ENSO seasonality: 1950-78 versus 1979-92}},
	journal =			 joc,
	year =				 {1996},
	OPTkey =			 {},
	volume =			 {9},
	OPTnumber =		 {},
	pages =		 {3149-3161},
	OPTmonth =		 {}
	,OPTnote =				 {}
}

@Article{MY99,
	author =			 {McPhaden, M.J. and Yu, X},
	title =				 {Equatorial waves and the 1997-98 \elnino },
	journal =			 grl,
	year =				 {1999},
	volume =			 {26},
	number =			 {19},
	pages =				 {2961-2964},
	OPTmonth =				 {October}
	,OPTnote =				 {\\ {\bf Ph}}
}

@Article{Mag93,
	author = 			 {Magana, V.},
	title = 			 {{The 40 and 50 day oscillations in atmospheric angular momentum at various latitudes}},
	journal = 		 jgr,
	year = 				 {1993},
	OPTkey = 			 {},
	volume = 	 {98},
	number = 	 {D6},
	pages = 		 {10441-10450},
	OPTmonth = 		 {June},
	OPTnote = 		 {\\ {\bf Ph}}
}

@PhdThesis{Mat93,
	author = 			 {Mathews, A.J.},
	title = 			 {{The Intraseasonal Oscillation}},
	school = 			 {University of Reading, Department of Meteorology},
	year = 				 {1993},
	OPTkey = 			 {},
	OPTtype = 		 {},
	OPTaddress = 	 {},
	OPTmonth = 		 {December}
	,OPTnote = 		 {\\ {\bf M}}
}

@Article{McP99,
	author =			 {McPhaden, M.J.},
	title =				 {{Genesis and evolution of the 1997-98 \elnino }},
	journal =			 {Science},
	year =				 {1999},
	volume =			 {283},
	pages =				 {950-954}
	,OPTnote =				 {\\ {\bf Ph}}
}

%	author = 			 {Kalnay, E. and Coauthors},
@Article{NCEP,
	author = 			 {Kalnay, E. and M. Kanamitsu and R. Kistler and W. Collins and D. Deaven and L. Gandin and M. Iredell and S. Saha and G. White and J. Woollen and Y. Zhu and A. Leetmaa and B. Reynolds and M. Chelliah and W. Ebisuzaki and W. Higgins and J. Janowiak and K.C. Mo and C. Ropelewski and J. Wang and Roy Jenne and Dennis Joseph},
	title = 			 {{The NCEP/NCAR Reanalysis 40-year Project}},
	journal = 		 bams,
	year = 				 {1996},
	OPTkey = 			 {},
	volume = 	 {77},
	OPTnumber = 	 {},
	pages = 		 {437-471},
	OPTmonth = 		 {}, 
  note = {Web site http://www.cdc.noaa.gov}
	,OPTnote = 		 {\\ {\bf G}}
}

@Article{NH01a,
	author = 			 {Neale, R.B. and Hoskins, B.J.},
	title = 			 {{A standard test for AGCMs including their physical parameterisations. I The proposal}},
	journal = 		 asl,
	year = 				 {2001},
	OPTkey = 			 {},
	volume = 	 {1},
	number = 	 {2},
	pages = 		 {101-107},
	OPTmonth = 		 {},
	OPTnote = 		 {\\ {\bf Mo}}
}

@Article{NH01b,
	author = 			 {R.B. Neale and B.J. Hoskins},
	title = 			 {{A standard test for AGCMs including their physical parameterisations. II Results for the Met. Office Model}},
	journal = 		 asl,
	year = 				 {2001},
	OPTkey = 			 {},
	volume = 	 {1},
	number = 	 {2},
	pages = 		 {108-114},
	OPTmonth = 		 {},
	OPTnote = 		 {\\ {\bf Mo}}
}

@Article{NJS00,
	author = 			 {Neelin, J.D. and Fei-Fei Jin and Hsin-Hsin Syu},
	title = 			 {{Variations in ENSO Phase Locking}},
	journal = 		 joc,
	year = 				 {2000},
	OPTkey = 			 {},
	volume = 	 {13},
	OPTnumber = 	 {},
	pages = 		 {2570-2590},
	OPTmonth = 		 {July}
	,OPTnote = 		 {\\ {\bf SP}}
}

@Article{NS01,
	author = 			 {Neale, R.B. and Slingo, J. M.},
	title = 			 {{The Maritime Continent and its role in the global climate: A GCM study.}},
	journal = 		 {To appear in  J. Clim.},
	year = 				 {2002},
	OPTnote = 		 {}
}

@Article{NWM99,
	author =			 {Navarra, A. and Ward, M.N. and Miyakoda, K.},
	title =				 {{Tropical-wide teleconnection and oscillation. I:
                  Teleconnection indices and type I/type II states}},
	journal =			 qjrms,
	year =				 {1999},
	volume =			 {125},
	number =			 {560},
	pages =				 {2909-2935},
	OPTmonth =				 {October}
	,OPTnote =				 {\\ {\bf SP}}
}

@Misc{Nat00,
	author =			 {{http://www.pmel.noaa.gov/tao/elnino/nino-home.html}},
	title =				 {\elnino\ Theme Page},
	howpublished = {{National Oceanic and Atmospheric Administration, US
                  Department of Commerce}},
	year =				 {2002}
	,OPTnote =				 {}
}

@Misc{TOPEX,
	author =			 {{http://topex.wff.nasa.gov}},
	title =				 {WFF TOPEX/Poseidon Web Site, The Ocean Topography Experiment},
	howpublished = {{NASA GSFC/Wallops Flight Facility}},
	year =				 {2002}
	,OPTnote =				 {}
}


@Misc{CPC02,
	OPTkey = 			 {},
	author = 	 {http://www.cpc.ncep.noaa.gov},
	title = 		 {Climate Prediction Center},
	OPThowpublished = {},
	OPTmonth = 		 {},
	year = 		 {2002},
	OPTnote = 		 {}
}

@Misc{Nat96,
	OPTkey = 			 {},
	author = 	 {{National Research Council}},
	title = 		 {{Accomplishments and Legacies of the TOGA Program}},
	howpublished = {National Academy Press, Washington, DC},
	OPTmonth = 		 {},
	year = 		 {1996}
	,OPTnote = 		 {}
}

@PhdThesis{Nea99,
	author = 			 {Richard B. Neale},
	title = 			 {A study of the tropical response in an idealised global circulation model},
	school = 			 {Meteorology},
	year = 				 {1999},
	OPTkey = 			 {},
	OPTtype = 		 {},
	OPTaddress = 	 {},
	OPTmonth = 		 {May},
	OPTnote = 		 {}
}

@Article{Orl98,
	author = 			 {Orlanski, I.},
	title = 			 {Poleward deflection of storm tracks},
	journal = 		 jas,
	year = 				 {1998},
	OPTkey = 			 {},
	volume = 	 {55},
	number = 	 {16},
	pages = 		 {2577-2602},
	OPTmonth = 		 {Aug},
	OPTnote = 		 {\\ {\bf ET}}
}

@Article{PBBM88,
	author = 			{Pitcher, E.J. and Blackmon, M.L. and Bates, G.T. and Munoz, S},
	title = 			 {The Effect Of North Pacific Sea-Surface Temperature Anomalies On The January Climate Of A General-Circulation Model},
	journal = 		 jas,
	year = 				 {1988},
	OPTkey = 			 {},
	volume = 	 {45},
	number = 	 {2},
	pages = 		 {173-188},
	OPTmonth = 		 {Jan},
	OPTnote = 		 {\\ {\bf SP}},
	OPTannote = 	 {}
}

@Article{PKBG00,
	author = 			 {Peng, P. and Kumar, A. and Barnston, A.G. and Goddard, L.},
	title = 			 {{Simulation skills of the SST-forced global climate variability of the NCEP-MRF9 and the SCRIPPS-MPI ECHAM3 models}},
	journal = 		 joc,
	year = 				 {2000},
	OPTkey = 			 {},
	volume = 	 {13},
	OPTnumber = 	 {},
	pages = 		 {3657-3679},
	OPTmonth = 		 {October},
	OPTnote = 		 {\\ {\bf Mo}}
}

@Article{PFJ95,
	author = 			 {Parker, D. E. and Folland, C. K.  and Jackson, M.},
	title = 			 {Marine surface temperature: observed variations and data requirements},
	journal = 		 {Climatic Change},
	year = 				 {1995},
	OPTkey = 			 {},
	volume = 	 {31},
	OPTnumber = 	 {},
	pages = 		 {559-600},
	OPTmonth = 		 {},
	OPTnote = 		 {}
}

@Article{PGR+00,
	author = 			 {Pope, V.D. and Gallani, M.L. and Rowntree, P.R. and Stratton, R.A.},
	title = 			 {{The impact of new physical parameterisations in the Hadley Centre climate model: HadAM3}},
	journal = 		 cd,
	year = 				 {2000},
	OPTkey = 			 {},
	volume = 	 {16},
	OPTnumber = 	 {},
	pages = 		 {123-146},
	OPTmonth = 		 {},
	OPTnote = 		 {\\ {\bf Mo}}
}

@Article{PO83,
	author = 			 {Pan, Y.H. and Oort, A.H.},
	title = 			 {{Global climate variations connected with sea-surface temperature anomalies in the eastern equatorial Pacific-Ocean for the 1958-73 Period}},
	journal = 		 mwr,
	year = 				 {1983},
	OPTkey = 			 {},
	volume = 	 {111},
	number = 	 {6},
	pages = 		 {1244-1258},
	OPTmonth = 		 {}
	,OPTnote = 		 {}
}

@Article{PO90,
	author =			 {Pan, Y.H. and Oort, A.H.},
	title =				 {{Correlation analyses between SST anomalies in the
                  E. equatorial Pacific and the world Ocean}},
	journal =			 cd,
	year =				 {1990},
	OPTkey =			 {},
	volume =			 {4},
	OPTnumber =		 {},
	pages =		 {191-205},
	OPTmonth =		 {}
	,OPTnote =				 {\\ {\bf SP}}
}

@Article{PS02,
	author = 			 {Pope, V.D. and Stratton, R.A.},
	title = 			 {The processes governing horizontal resolution sensitivity in a climate model},
	journal = 		 cd,
	year = 				 {2002},
	OPTkey = 			 {},
	volume = 	 {19},
	number = 	 {3-4},
	pages = 		 {211-236},
	OPTmonth = 		 {},
	OPTnote = 		 {\\ {\bf Mo}}
}

@MastersThesis{Per99,
	author = 			 {Ruth Perella},
	title = 			 {{The dynamics of \elnino}},
	school = 			 {Department of Meteorology},
	year = 				 {1999},
	OPTkey = 			 {},
	OPTtype = 		 {},
	address = 	 {Reading University, UK},
	OPTmonth = 		 {August},
	OPTnote = 		 {}
}

@Book{Phi90,
	author =			 {Philander, S.G.},
	title =				 {\elnino, \lanina\ and the {S}outhern {O}scillation},
	publisher =		 {Academic Press},
	year =				 {1990}
	,OPTnote =				 {}
}

@Article{RC82,
	author =			 {Rasmusson, E.M. and Carpenter, T.H.},
	title =				 {{Variations in sea surface temperature and surface
                  wind fields associated with the Southern
                  Oscillation/\elnino }},
	journal =			 mwr,
	year =				 {1982},
	volume =			 {110},
  pages =        {354-384}
	,OPTnote =				 {\\ {\bf SP}}
}

@Article{RF01,
	author = 			 {Rodwell, M.J. and Folland, C.K.},
	title = 			 {Atlantic air-sea interaction and seasonal predictability},
	journal = 		 qjrms,
	year = 				 {2001},
	OPTkey = 			 {},
	volume = 	 {127},
	OPTnumber = 	 {},
	pages = 		 {1-33},
	OPTmonth = 		 {},
	OPTnote = 		 {}
}

@Article{RF02,
	author = 			 {Rodwell, M.J. and Folland, C.K.},
	title = 			 {Atlantic air-sea interaction and seasonal predictability},
	journal = 		 qjrms,
	year = 				 {2002},
	OPTkey = 			 {},
	volume = 	 {128},
	number = 	 {583},
	pages = 		 {1413-1443},
	OPTmonth = 		 {},
	OPTnote = 		 {\\ {\bf NA}}
}

@Article{RFMW95,
	author	=	{Rowell, D.P. and Folland, C.K. and Maskell, K. and Ward, M.N.},
	title 	=	{{Variability of summer rainfall over tropical North Africa (1906-99). Observations and modelling.}},
	journal	=	qjrms,
	year	=	{1995},
	OPTkey	=	{},
	volume	=	{121},
	OPTnumber	=	{},
	pages	=	{669-704},
	OPTmonth	=	{},
	OPTnote	=	{\\ {\bf SP}}
}

@Article{RH01,
	author = 			 {Rodwell, M.J. and Hoskins, B.J.},
	title = 			 {Subtropical anticyclones and summer monsoons},
	journal = 		 joc,
	year = 				 {2001},
	OPTkey = 			 {},
	volume = 	 {14},
	number = 	 {15},
	pages = 		 {3192-3211},
	OPTmonth = 		 {\\ {\bf Ph}}
}

@Article{RH96,
	author = 			 {Rodwell, M.J. and Hoskins, B.J.},
	title = 			 {Monsoons and the dynamics of deserts},
	journal = 		 qjrms,
	year = 				 {1996},
	OPTkey = 			 {},
	volume = 	 {122},
	number = 	 {534},
	pages = 		 {1385-1404},
	OPTmonth = 		 {Jul},
	OPTnote = 		 {\\ {\bf Ph}}
}

@Article{RM93,
	author = 			 {Rasmusson, E.M. and Mo, K},
	title = 			 {Linkages between 200-mb Tropical and Extratropical Circulation Anomalies during the 1986-1989 {ENSO} Cycle},
	journal = 		 joc,
	year = 				 {1993},
	OPTkey = 			 {},
	volume = 	 {6},
	number = 	 {4},
	pages = 		 {595-616},
	OPTmonth = 		 {April},
	OPTnote = 		 {\\ {\bf SP}}
}

@Article{RRF98,
	author = 			 {Renshaw, A.C. and Rowell, D.P. and Folland, C.K.},
	title = 			 {{Wintertime low-frequency weather variability in the North Pacific-American sector 1949-93}},
	journal = 		 joc,
	year = 				 {1998},
	volume = 	 {11},
	pages = 		 {1073-1091},
	OPTmonth = 		 {May},
	OPTnote = 		 {\\ {\bf SP}}
}

@Article{RS83,
	author = 			 {Rosen, R.D. and D.A. Salstein},
	title = 			 {{Variations in atmospheric angular momentun on global and regional scales and the length of day}},
	journal = 		 jgr,
	year = 				 {1983},
	OPTkey = 			 {},
	volume = 	 {88},
	number = 	 {C9},
	pages = 		 {5451-5470},
	OPTmonth = 		 {June},
	OPTnote = 		 {\\ {\bf Ph}}
}

@Article{Row98,
	author = 			 {Rowell, D.P.},
	title = 			 {{Assessing potential seasonal predictability with an ensemble of multidecadal GCM simulations}},
	journal = 		 joc,
	year = 				 {1998},
	OPTkey = 			 {},
	volume = 	 {11},
	OPTnumber = 	 {},
	pages = 		 {109-120},
	OPTmonth = 		 {February},
	OPTnote = 		 {\\ {\bf SP}}
}

@Article{SBF00,
	author = 			 {Sickmoller, M. and Blender, R. and Fraedrich, K.},
	title = 			 {Observed winter cyclone tracks in the northern hemisphere in re-analysed {ECMWF} data},
	journal = 		 qjrms,
	year = 				 {2000},
	OPTkey = 			 {},
	volume = 	 {126},
	number = 	 {563},
	pages = 		 {591-620},
	OPTmonth = 		 {Jan},
	OPTnote = 		 {\\ {\bf ET}}
}

@Article{SCP00,
	author = 			 {Sardeshmukh, P.D. and Compo, G.P. and Penland, C.},
	title = 			 {{Changes in probability associated with \elnino}},
	journal = 		 joc,
	year = 				 {2000},
	OPTkey = 			 {},
	volume = 	 {13},
	OPTnumber = 	 {},
	pages = 		 {4268-4286},
	OPTmonth = 		 {December},
	OPTnote = 		 {\\ {\bf SP}}
}

@Article{SD00,
	author =			 {Shin, N and Deng, Z.W.},
	title =				 {{Space/time features of the secular variation in
                  1951-1998 northern 500-hPa height}},
	journal =			 {Meteorology and Atmospheric Physics},
	year =				 {2000},
	volume =			 {73},
	number =			 {1-2},
	pages =				 {35-46}
	,OPTnote =				 {\\ {\bf NA}}
}

@Article{SH88,
	author = 			 {Sardeshmukh, P.D. and Hoskins, B.J.},
	title = 			 {The Generation Of Global Rotational Flow By Steady Idealized Tropical Divergence}, 
	journal = 		 jas,
	year = 				 {1988},
	OPTkey = 			 {},
	volume = 	 {45},
	number = 	 {7},
	pages = 		 {1228-1251},
	OPTmonth = 		 {April},
	OPTnote = 		 {\\ {\bf Ph}}
}

@Article{SP96,
	author = 			 {Solow, A.R. and Patwardhan, A.},
	title = 			 {{Extracting a Smooth Trend from a Time Series: A
                  Modification of Singular Spectrum Analysis}},
	journal = 		 joc,
	year = 				 {1996},
	OPTkey = 			 {},
	volume = 	 {9},
	OPTnumber = 	 {},
	pages = 		 {2163-2166},
	OPTmonth = 		 {September}
	,OPTnote = 		 {}
}

@Article{SPS+00,
	author = 			 {Shukla, J. and Paolino, D.A. and Straus, D.M. and de Witt, D. and Fennessy, M. and Kinter, J.L. and Marx, L. and Mo, R.},
	title = 			 {{Dynamical seasonal predictions with the COLA atmospheric model}},
	journal = 		 qjrms,
	year = 				 {2000},
	OPTkey = 			 {},
	volume = 	 {126},
	OPTnumber = 	 {},
	pages = 		 {2265-2299},
	OPTmonth = 		 {},
	OPTnote = 		 {\\ {\bf SP}}
}

@Article{SRF+01,
	author = 			 {Sexton, D.M.H. and Rowell, D.P. and Folland, C.K.},
	title = 			 {{Detection of anthropogenic climate change using an atmospheric GCM}},
	journal = 		 cd,
	year = 				 {2001},
	OPTkey = 			 {},
	volume = 	 {17},
	number = 	 {9},
	pages = 		 {669-685},
	OPTmonth = 		 {June},
	OPTnote = 		 {\\ {\bf G}}
}

@Article{SS00,
	author = 			 {Straus, D.M. and Shukla, J.},
	title = 			 {{Distinguishing between the SST-forced variability and internal variability in mid latitudes: analysis of observations and GCM simulations}},
	journal = 		 qjrms,
	year = 				 {2000},
	OPTkey = 			 {},
	volume = 	 {126},
	OPTnumber = 	 {},
	pages = 		 {2323-2350},
	OPTmonth = 		 {},
	OPTnote = 		 {\\ {\bf SP}}
}

@Article{SS97,
	author = 			 {Straus, D.M. and Shukla, J.},
	title = 			 {Variations of midlatitude transient dynamics associated with {ENSO}},
	journal = 		 jas,
	year = 				 {1997},
	OPTkey = 			 {},
	volume = 	 {54},
	number = 	 {7},
	pages = 		 {777-790},
	OPTmonth = 		 {Apr},
	OPTnote = 		 {\\ {\bf ET}}
}

%  author = 			 {Slingo, J.M. and Coauthors},
@Article{SSB+96,
	author = 			 {Slingo, J.M. and Sperber, K.R. and Boyle, J.S. and Ceron, J.-P. and Dix, M. and Dugas, B. and Ebisuzaki, W. and Fyfe, J. and Gregory, D. and Gueremy, J.-F. and Hack, J. and Harzallah, A. and Inness, P. and Kitoh, A. and Lau, W.K.-M. and McAvaney, B. and Madden, R. and Matthews, A. and Palmer, T.N. and Park, C.-K. and Randall, D. and Renno, N.},
	title = 			 {{Intraseasonal oscillations in 15 atmospheric general circulation models: results from an AMIP diagnostic subproject}},
	journal = 		 cd,
	year = 				 {1996},
	OPTkey = 			 {},
	volume = 	 {12},
	OPTnumber = 	 {},
	pages = 		 {325-357},
	OPTmonth = 		 {},
	OPTnote = 		 {\\ {\bf TT}},
	OPTannote = 	 {}
}

@Article{SSDa03,
	author = 			 {Spencer, H and Slingo, J.M.},
	title = 			 {{The simulation of peak and delayed ENSO teleconnections}},
	journal = 		 {To appear in J. Clim.},
	year = 				 {2003},
	OPTkey = 			 {},
	OPTvolume = 	 {},
	OPTnumber = 	 {},
	OPTpages = 		 {},
	OPTmonth = 		 {},
	OPTnote = 		 {}
}

@Unpublished{SSDb03,
	author = 			 {Spencer, H. and Slingo, J.M. and Davey, M.},
	title = 			 {{Seasonal predictability of ENSO teleconnections: the role of
the remote ocean response}},
	note = 				 {submitted to Climate Dynamics},
	OPTkey = 			 {},
	OPTmonth = 		 {},
	year = 		 {2003},
	OPTannote = 	 {}
}

@Article{Sli98,
	author = 			 {Slingo, J.M.},
	title = 			 {{Extratropical forcing of tropical convection in a northern winter simulation with the UGAMP GCM}},
	journal = 		 qjrms,
	year = 				 {1998},
	OPTkey = 			 {},
	volume = 	 {124},
	OPTnumber = 	 {124},
	pages = 		 {27-51},
	OPTmonth = 		 {}
	,OPTnote = 		 {\\ {\bf TT}}
}

@Article{Sod97,
	author = 			 {Soden, B.J.},
	title = 			 {{Variations in the tropical greenhouse effect during \elnino}},
	journal = 		 joc,
	year = 				 {1997},
	OPTkey = 			 {},
	volume = 	 {10},
	number = 	 {5},
	pages = 		 {1050-1055},
	OPTmonth = 		 {May},
	OPTnote = 		 {\\ {\bf G}},
	OPTannote = 	 {}
}

@Unpublished{Spe00a,
	author = 			 {Spencer, H.},
	year = 		 {2000},
	OPTmonth = 		 {May},
	title = 			 {{Analysis of the \elnino /\lanina\ Cycle using the GISST data set}},
	OPTkey = 			 {},
	OPTnote = 				 {Meteorology Department, University of Reading, internal report}
}

@Unpublished{Spe00b,
	author = 			 {Spencer, H.},
	year = 		 {2000},
	OPTmonth = 		 {Sept},
	title = 			 {{A Simulation of \elnino\ and non-\elnino\ Perpetual Januaries}},
	OPTkey = 			 {},
	OPTnote = 				 {Meteorology Department, University of Reading, internal report}
}

@Unpublished{Spe00c,
	author = 			 {Spencer, H.},
	year = 		 {2000},
	OPTmonth = 		 {June},
	title = 			 {{First Thesis Committee Report - The Global Effects of \elnino}},
	OPTkey = 			 {},
	OPTnote = 				 {Meteorology Department, University of Reading, internal report}
}

@Unpublished{Spe00d,
	author = 			 {Spencer, H.},
	year = 		 {2000},
	OPTmonth = 		 {Dec},
	title = 			 {{Second Thesis Committee Report - The Global Effects of \elnino}},
	OPTkey = 			 {},
	OPTnote = 				 {Meteorology Department, University of Reading, internal report}
}

@Article{TBK+98,
	author =			 {Trenberth, K.E. and Branstator, G.W. and Karoly,
                  D. and Kumar, A. and Lau, N-C and Ropelewski, C},
	title =				 {{Progress during TOGA in understanding and modeling
                  global teleconnections associated with tropical sea
                  surface temperatures}},
	journal =			 jgr,
	year =				 {1998},
	OPTkey =			 {},
	volume =			 {103},
	number =			 {C7},
	pages =				 {14,291-14,324},
	OPTmonth =				 {June}
	,OPTnote =				 {\\ {\bf SP}}
}

@Article{TLV99,
	author =			 {Timmermann, A. and Latif, M. and Voss, R.},
	title =				 {{Modes of climate variability as simulated by a
                  coupled general circulation model. Part I: ENSO-like
                  climate variability and its low-frequency
                  modulation}},
	journal =			 cd,
	year =				 {1999},
	volume =			 {15},
	number =			 {8},
	pages =				 {605-618},
	OPTmonth =				 {August}
	,OPTnote =				 {}
}

@Article{Tay01,
	author = 			 {Taylor, K. E.},
	title = 			 {{Summarising multiple aspects of model performance in a single diagram}},
	journal = 		 jgr,
	year = 				 {2001},
	OPTkey = 			 {},
	volume = 	 {106},
	number = 	 {D7},
	pages = 		 {7183-7192},
	OPTmonth = 		 {April},
	OPTnote = 		 {\\ {\bf M}}
}

@Article{Tom01,
	author = 			 {Tompkins, A.},
	title = 			 {On the relationship between tropical convection and sea surface temperature},
	journal = 		 joc,
	year = 				 {2001},
	OPTkey = 			 {},
	volume = 	 {14},
	OPTnumber = 	 {},
	pages = 		 {633-637},
	OPTmonth = 		 {March},
	OPTnote = 		 {\\ {\bf TT}}
}

@Article{VAS+99,
	author = 			 {Venzke, S. and Allen, M.R. and Sutton, R.T. and Rowell, D.P.},
	title = 			 {{The atmospheric response over the North Atlantic to decadal changes in sea surface temperature}},
	journal = 		 joc,
	year = 				 {1999},
	OPTkey = 			 {},
	volume = 	 {12},
	OPTnumber = 	 {},
	pages = 		 {2562-2584},
	OPTmonth = 		 {August},
	OPTnote = 		 {\\ {\bf NA}}
}

@Article{VBH01,
	author = 			 {Vimont, D.J. and Battisti, D.S. and Hirst, A.C.},
	title = 			 {Footprinting: A seasonal connection between the tropics and mid-latitudes},
	journal = 		 grl,
	year = 				 {2001},
	OPTkey = 			 {},
	volume = 	 {28},
	number = 	 {20},
	pages = 		 {3923-3926},
	OPTmonth = 		 {},
	OPTnote = 		 {\\ {\bf SP}}
}

@TechReport{VLT+00,
	author = 			 {Viviand, J. and S. Lirola and B. Timbal and S. Power and R. Colman},
	title = 			 {{Impact of soil moisture on climate variability and predictability}},
	institution =  {{BMRC}},
	year = 				 {2000},
	OPTkey = 			 {},
	OPTtype = 		 {},
	number = 	 {81},
	address = 	 {Melbourne},
	OPTmonth = 		 {},
	OPTnote = 		 {\\ {\bf LS}}
}

@Article{WF99,
	author = 			 {Wang, Bin and Zhen Fan},
	title = 			 {{Choice of South Asian Summer Monsoon Indices}},
	journal = 		 bams,
	year = 				 {1999},
	OPTkey = 			 {},
	volume = 	 {80},
	number = 	 {4},
	pages = 		 {629-638},
	OPTmonth = 		 {April},
	OPTnote = 		 {\\ {\bf IM}}
}

@Article{WG81,
	author = 			 {Wallace, J.M. and Gutzler, D.S.},
	title = 			 {{Teleconnections in the Geopotential Height Field during the Northern Hemeisphere Winter}},
	journal = 		 mwr,
	year = 				 {1981},
	pages = 		 {784-812},
	OPTnote = 		 {}
}

@Article{WH82,
	author = 			 {Webster, P.J. and Holton, J.R.},
	title = 			 {{Cross equatorial response to middle-latitude forcing in a zonally varying basic state}},
	journal = 		 jas,
	year = 				 {1982},
	OPTkey = 			 {},
	volume = 	 {39},
	OPTnumber = 	 {},
	pages = 		 {722-733},
	OPTmonth = 		 {}
	,OPTnote = 		 {}
}

@Article{WSH01,
	author = 			 {Woolnough, S. and Slingo, J.M. and Hoskins, B.J.},
	title = 			 {The organisation of tropical convection by intraseasonal sea surface temperatuer anomalies},
	journal = 		 qjrms,
	year = 				 {2001},
	OPTkey = 			 {},
	volume = 	 {127},
	OPTnumber = 	 {},
	pages = 		 {887-907},
	OPTmonth = 		 {},
	OPTnote = 		 {\\ {\bf TT}}
}

@InProceedings{Web90,
	author =			 {Webster, P.J.},
	title =				 {{Ocean-Atmosphere Interaction in the Tropics}},
	booktitle =		 {Seminar {P}roceedings - {T}ropical-{E}xtra
                  {T}ropical {I}nteractions},
	year =				 {1990},
	OPTmonth =				 {Sept},
	organization = {ECMWF}
	,OPTnote =				 {\\ {\bf Ph}}
}

@Article{XA96,
	author = 			 {Xie, P.P. and Arkin, P.A.},
	title = 			 {Analyses of Global Monthly Precipitation Using Gauge Observations, Satellite Estimates, and Numerical Model Predictions.},
	journal = 		 joc,
	year = 				 {1996},
	OPTkey = 			 {},
	volume = 	 {9},
	OPTnumber = 	 {4},
	pages = 		 {840 -858},
	OPTmonth = 		 {},
	OPTnote = 		 {\\ {\bf G}}
}

@Article{vLM81a,
	author = 			 {van Loon, H. and Madden, R.A.},
	title = 			 {{The Southern Oscillation, I, Global associations with pressure and temperature in the northern winter}},
	journal = 		 mwr,
	year = 				 {1981},
	OPTkey = 			 {},
	volume = 	 {109},
	OPTnumber = 	 {},
	pages = 		 {1150-1162},
	OPTmonth = 		 {}
	,OPTnote = 		 {\\ {\bf SP}}
}

@Article{vLM81b,
	author = 			 {van Loon, H. and Madden, R.A.},
	title = 			 {{The Southern Oscillation, II, Associlations with changes in the middle troposphere in the Northern winter}},
	journal = 		 mwr,
	year = 				 {1981},
	OPTkey = 			 {},
	volume = 	 {109},
	OPTnumber = 	 {},
	pages = 		 {1163-1168},
	OPTmonth = 		 {}
	,OPTnote = 		 {}
}

@Book{vSN93,
	editor = 	 {H. von Storch and Navarra, A.},
	title = 			 {{Analysis of Climate Variability: Applications of
                  Statistical Techniques}},
	publisher = 	 {Springer},
	year = 				 {1993},
	OPTkey = 			 {},
	OPTvolume = 	 {},
	OPTnumber = 	 {},
	OPTseries = 	 {},
	OPTaddress = 	 {},
	OPTedition = 	 {},
	OPTmonth = 		 {November}
	,OPTnote = 		 {}
}

%	author = 			 {M.K. Davey and Coauthors},
@Article{DHS+02,
	author = 			 {M.K. Davey and M. Huddleston and K.R. Sperber and P. Braconnot and F. Bryan and D. Chen  and R.A. Colman  and C. Cooper and U. Cubasch  and P. Delecluse and D. DeWitt and L. Fairhead and G. Flato and C. Gordon and T. Hogan and M. Ji and M. Kimoto and A. Kitoh and T.R. Knutson and M. Latif and H. Le Treut and T. Li and S. Manabe and C. R. Mechoso and G.A. Meehl and  J. Oberhuber and S.B. Power  and E. Roeckner and L. Terray and A. Vintzileos and R. Voss and  B. Wang and W.M. Washington and I. Yoshikawa and J-Y. Yu and  S. Yukimoto and S.E. Zebiak.},
	title = 			 {{STOIC: a study of coupled model climatology and
variability in tropical ocean regions}},
	journal = 		 cd,
	year = 				 {2002},
	OPTkey = 			 {},
	volume = 	 {18},
	OPTnumber = 	 {},
	pages = 		 {403-420.},
	OPTmonth = 		 {},
	OPTnote = 		 {},
	OPTannote = 	 {}
}

@Article{Bje72,
	author = 			 {Bjerknes, J.},
	title = 			 {{Large-scale atmospheric response to the 1964-65 Pacific equatorial warming}},
	journal = 		 jpo,
	year = 				 {1972},
	OPTkey = 			 {},
	volume = 	 {2},
	OPTnumber = 	 {},
	pages = 		 {212-217},
	OPTmonth = 		 {July},
	OPTnote = 		 {}
}

@Article{Bje69,
	author = 			 {Bjerknes, J.},
	title = 			 {Atmospheric Teleconnections from the Equatorial {Pacific}},
	journal = 		 mwr,
	year = 				 {1969},
	OPTkey = 			 {},
	volume = 	 {97},
	number = 	 {3},
	pages = 		 {163-172},
	OPTmonth = 		 {March},
	OPTnote = 		 {\\ {\bf SP}}
}

@Article{Bje66,
	author = 			 {Bjerknes, J.},
	title = 			 {{A possible response of the atmospheric Hadley circulation to equatorial anomalies of ocean temperature}},
	journal = 		 tel,
	year = 				 {1966},
	OPTkey = 			 {},
	volume = 	 {18},
	OPTnumber = 	 {},
	pages = 		 {820-829},
	OPTmonth = 		 {},
	OPTnote = 		 {\\ {\bf SP}}
}

@Article{SSA00,
	author = 			 {Sperber, K.R. and Slingo, J.M. and Annamalai, H},
	title = 			 {Predictability and the relationship between subseasonal and interannual variability during the {Asian} summer monsoon},
	journal = 		 qjrms,
	year = 				 {2000},
	OPTkey = 			 {},
	volume = 	 {126},
	number = 	 {568},
	pages = 		 {2545-2574},
	OPTmonth = 		 {Jul},
	OPTnote = 		 {}
}

@Article{SA00,
	author = 			 {Slingo, J.M. and Annamalai, H.},
	title = 			 {{1997: The \elnino\ of the century and the response of the Indian summer monsoon}},
	journal = 		 mwr,
	year = 				 {2000},
	OPTkey = 			 {},
	volume = 	 {128},
	number = 	 {6},
	pages = 		 {1778-1797 },
	OPTmonth = 		 {Jun},
	OPTnote = 		 {},
	OPTannote = 	 {}
}

@Article{ASSH99,
	author = 			 {Annamalai, H. and Slingo, J.M. and Sperber, K.R. and Hodges, K.},
	title = 			 {{The mean evolution and variability of the Asian summer monsoon: Comparison of ECMWF and NCEP-NCAR reanalyses}},
	journal = 		 mwr,
	year = 				 {1999},
	OPTkey = 			 {},
	volume = 	 {127},
	number = 	 {6},
	pages = 		 {1157-1186},
	OPTmonth = 		 {Jun},
	OPTnote = 		 {}
}

@Article{SP96b,
	author = 			 {Sperber, K.R. and Palmer, T.N.},
	title = 			 {{Interannual tropical rainfall variability in general circulation model simulations associated with the atmospheric model intercomparison project}},
	journal = 		 joc,
	year = 				 {1996},
	OPTkey = 			 {},
	volume = 	 {9},
	number = 	 {11},
	pages = 		 {2727-2750},
	OPTmonth = 		 {Nov},
	OPTnote = 		 {}
}

@Article{KS02,
	author = 			 {Kirtman, B.P. and Shukla, J.},
	title = 			 {{Interactive coupled ensemble: A new coupling strategy for CGCMs}},
	journal = 		 grl,
	year = 				 {2002},
	OPTkey = 			 {},
	volume = 	 {29},
	OPTnumber = 	 {},
	OPTpages = 		 {},
	OPTmonth = 		 {},
	OPTnote = 		 {}
}

@Article{KS00,
	author = 			 {Kirtman, B.P. and Shukla, J.},
	title = 			 {{Influence of the Indian summer monsoon on ENSO}},
	journal = 		 {qjrms},
	year = 				 {2000},
	OPTkey = 			 {},
	volume = 	 {126},
	number = 	 {562},
	pages = 		 {213-239},
	OPTmonth = 		 {Jan},
	OPTnote = 		 {\\ {\bf IM}}
}

@Article{JHRM00,
	author = 			 {Jones, J.W. and Hansen, J.W. and Royce, F.S. and Messina, C.D.},
	title = 			 {Potential benefits of climate forecasting to agriculture},
	journal = 		 aee,
	year = 				 {2000},
	OPTkey = 			 {},
	volume = 	 {82},
	number = 	 {1-3},
	pages = 		 {169-184},
	OPTmonth = 		 {Dec},
	OPTnote = 		 {\\ {\bf AS}}
}

 @Article{Kov00,
	author = 			 {Kovats, R.S.},
	title = 			 {{\elnino\ and human health}},
	journal = 		 bwho,
	year = 				 {2000},
	OPTkey = 			 {},
	volume = 	 {78},
	number = 	 {9},
	pages = 		 {1127-1135},
	OPTmonth = 		 {},
	OPTnote = 		 {\\ {\bf AS}}
}

@Article{Pal02,
	author = 			 {Palmer, T.N.},
	title = 			 {The economic value of ensemble forecasts as a tool for risk assessment: From days to decades},
	journal = 		 qjrms,
	year = 				 {2002},
	OPTkey = 			 {},
	volume = 	 {128},
	number = 	 {581},
	pages = 		 {747-774},
	OPTmonth = 		 {Apr},
	OPTnote = 		 {\\ {\bf AS}}
}

@Article{TC01,
	author = 			 {Thomson, M.C. and Connor, S.J.},
	title = 		{The development of malaria early warning systems for {Africa}},
	journal = 		 tp,
	year = 				 {2001},
	OPTkey = 			 {},
	volume = 	 {17},
	number = 	 {9},
	pages = 		 {438-445},
	OPTmonth = 		 {Sep},
	OPTnote = 		 {\\ {\bf AS}}
}

@Article{TPM+00,
	author = 			 {Thomson, M.C. and Palmer, T. and Morse, A.P. and Cresswell, M. and Conner, S.J.},
	title = 			 {Forecasting disease risk with seasonal climate predictions},
	journal = 		 {Lancet},
	year = 				 {2000},
	OPTkey = 			 {},
	volume = 	 {355},
	number = 	 {9214},
	pages = 		 {1559-1560},
	OPTmonth = 		 {Apr},
	OPTnote = 		 {\\ {\bf AS}}
}

@Article{GBC+99,
	author = 			 {Gates, W.L. and Boyle, J.S. and Covey, C. and Dease, C.G. and Doutriaux, C.M. and Drach, R.S. and Fiorino, M. and Sperber, K.R. and Taylor, K.E. and Williams, D.N.},
	title = 			 {{An overview of the results of the Atmospheric Model Intercomparison Project (AMIP I)}},
	journal = 		 bams,
	year = 				 {1999},
	OPTkey = 			 {},
	volume = 	 {80},
	number = 	 {1},
	pages = 		 {29-55},
	OPTmonth = 		 {Jan},
	OPTnote = 		 {\\ {\bf Mo}}
}

@Article{Gat92,
	author = 			 {Gates, W.L},
	title = 			 {{AMIP: The atmospheric model intercomparison project}},
	journal = 		 bams,
	year = 				 {1992},
	OPTkey = 			 {},
	volume = 	 {73},
	number = 	 {12},
	pages = 		 {1962-1970},
	OPTmonth = 		 {Dec},
	OPTnote = 		 {\\ {\bf Mo}}
}

@Article{Bat88,
	author = 			 {Battisti, D.S.},
	title = 			 {Dynamics and thermodynamics of a warming event in a coupled tropical atmosphere ocean model},
	journal = 		 jas,
	year = 				 {1988},
	OPTkey = 			 {},
	volume = 	 {45},
	number = 	 {20},
	pages = 		 {2889-2919},
	OPTmonth = 		 {Oct},
	OPTnote = 		 {}
}

@Article{BM01,
	author = 			 {Boulanger, J.P. and Menkes, C.},
	title = 			 {{The Trident Pacific model. Part 2: role of long equatorial wave reflection on sea surface temperature anomalies during the 1993-1998 TOPEX/POSEIDON period}},
	journal = 		 cd,
	year = 				 {2001},
	OPTkey = 			 {},
	volume = 	 {17},
	number = 	 {2-3},
	pages = 		 {175-186},
	OPTmonth = 		 {Jan},
	OPTnote = 		 {\\ {\bf Ph} not photocopied}
}

@Article{BGH99,
	author = 			 {Barnston, A.G. and Glantz, M.H. and He, Y.X.},
	title = 			 {{Predictive skill of statistical and dynamical climate models in SST forecasts during the 1997-98 El Nino episode and the 1998 La Nina onset}},
	journal = 		 bams,
	year = 				 {1999},
	OPTkey = 			 {},
	volume = 	 {80},
	number = 	 {2},
	pages = 		 {217-243},
	OPTmonth = 		 {Feb},
	OPTnote = 		 {\\ {\bf SP} not photocopied}
}

@Article{LN87,
	author = 			 {Lindzen, R.S. and Nigam, S.},
	title = 			 {On the role of sea-surface temperature-gradients in forcing low-level winds snd convergence in the tropics},
	journal = 		 jas,
	year = 				 {1987},
	OPTkey = 			 {},
	volume = 	 {44},
	number = 	 {17},
	pages = 		 {2418-2436},
	OPTmonth = 		 {Sep},
	OPTnote = 		 {\\ {\bf Ph}}
}

@Article{SM02,
	author = 			 {Solman, S.A. and Menendez, C.G.},
	title = 			 {{ENSO-related variability of the Southern Hemisphere winter storm track over the eastern Pacific-Atlantic sector}},
	journal = 		 jas,
	year = 				 {2002},
	OPTkey = 			 {},
	volume = 	 {59},
	number = 	 {13},
	pages = 		 {2128-2140},
	OPTmonth = 		 {Jul},
	OPTnote = 		 {\\ {\bf SP} not photocopied}
}

@Article{FM92,
	author = 			 {Fraedrich, K. and Muller, K.},
	title = 			 {{Climate anomalies in Europe associated with ENSO extremes}},
	journal = 		 joc,
	year = 				 {1992},
	OPTkey = 			 {},
	volume = 	 {12},
	number = 	 {1},
	pages = 		 {25-31},
	OPTmonth = 		 {},
	OPTnote = 		 {\\ {\bf NA}}
}

@Article{Fra94,
	author = 			 {Fraedrich, K.},
	title = 			 {An ENSO impact on Europe - a review},
	journal = 		 tel,
	year = 				 {},
	OPTkey = 			 {},
	volume = 	 {A. 46},
	number = 	 {4},
	pages = 		 {541-552},
	OPTmonth = 		 {Aug},
	OPTnote = 		 {\\ {\bf NA}}
}

%	author = 			 {Kanamitsu, M. and Coauthors},
@Article{KAC+91,
 author = 			 {M. Kanamitsu and J.C. Alpert and K.A. Campana and P.M. Caplan and D.G. Deaven and M. and Iredell, B. and Katz, H.-L. and Pan, J. and Sela and G.H. White},
  title = 			 {{Recent changes implemented into the global forecast system at NMC}},
	journal = 		 wf,
	year = 				 {1991},
	OPTkey = 			 {},
	volume = 	 {6},
	number = 	 {3},
	pages = 		 {425-436},
	OPTmonth = 		 {Apr},
	OPTnote = 		 {\\ {\bf Mo}}
}

@Article{CMB00,
	author = 			 {Corti, S. and Molteni, F. and Brankovic, C.},
	title = 			 {{Predictability of snow-depth anomalies over Eurasia and associated circulation patterns}},
	journal = 		 qjrms,
	year = 				 {2000},
	OPTkey = 			 {},
	volume = 	 {126},
	OPTnumber = 	 {},
	pages = 		 {241-262},
	OPTmonth = 		 {},
	OPTnote = 		 {\\ {\bf SP}}
}

@Article{BSLM01,
	author = 			 {Becker, B.D. and Slingo, J.M. and Ferranti, L. and Molteni, F.},
	title = 			 {{Seasonal predictability of the Indian summer monsoon: What role do land surface condotins play?}},
	journal = 		 {MAUSAM},
	year = 				 {2001},
	OPTkey = 			 {},
	volume = 	 {52},
	number = 	 {1},
	pages = 		 {175-190},
	OPTmonth = 		 {Jan},
	OPTnote = 		 {\\ {\bf SP}}
}

@Article{PA94,
	author = 			 {Palmer, T.N. and Anderson, D.L.T.},
	title = 			 {The Prospects For Seasonal Forecasting - A Review Paper},
	journal = 		 qjrms,
	year = 				 {1994},
	OPTkey = 			 {},
	volume = 	 {120},
	number = 	 {518},
	pages = 		 {755-793},
	OPTmonth = 		 {Jul},
	OPTnote = 		 {\\ {\bf SP}}
}

@Article{DN02,
	author = 			 {DeWeaver, E. and Nigam, S.},
	title = 			 {{Linearity in ENSO's atmospheric response}},
	journal = 		 joc,
	year = 				 {2002},
	OPTkey = 			 {},
	volume = 	 {15},
	number = 	 {17},
	pages = 		 {2446-2461},
	OPTmonth = 		 {Sep},
	OPTnote = 		 {\\ {\bf SP}}
}

@Article{HKX01,
	author = 			 {Hoerling, M.P. and Kumar, A. and Xu, T.Y.},
	title = 			 {{Robustness of the nonlinear climate response to ENSO's extreme phases}},
	journal = 		 joc,
	year = 				 {2001},
	OPTkey = 			 {},
	volume = 	 {14},
	number = 	 {6},
	pages = 		 {1277-1293},
	OPTmonth = 		 {},
	OPTnote = 		 {\\ {\bf SP}}
}

@Article{SR95,
	author = 			 {Stephenson, D.B. and Royer, J.F.},
	title = 			 {{GCM simulation of the Southern Oscillation from 1979-88}},
	journal = 		 cd,
	year = 				 {1995},
	OPTkey = 			 {},
	volume = 	 {11},
	OPTnumber = 	 {},
	pages = 		 {115-128},
	OPTmonth = 		 {},
	OPTnote = 		 {}
}

@Article{SS88,
	author = 			 {Suarez, M.J. and Schopf, P.S.},
	title = 			 {{A delayed	action oscillator for ENSO}},
	journal = 		 jas,
	year = 				 {1988},
	OPTkey = 			 {},
	volume = 	 {45},
	number = 	 {21},
	pages = 		 {3283-3287},
	OPTmonth = 		 {},
	OPTnote = 		 {\\ {\bf Ph}}
}

@Article{Mat66,
	author = 			 {Matsuno, T.},
	title = 			 {Quasi-geostrophic motions in the equatorial area},
	journal = 		 jmsj,
	year = 				 {1966},
	OPTkey = 			 {},
	volume = 	 {44},
	number = 	 {1},
	pages = 		 {25-42},
	OPTmonth = 		 {},
	OPTnote = 		 {\\ {\bf Ph}}
}

@Article{NSB00,
	author = 			 {Newman, M and Sardeshmukh, P.D. and Bergman, J.W.},
	title = 			 {{An assessment of the NCEP, NASA, and
     ECMWF reanalyses over the tropical West Pacific warm pool}},
	journal = 		 bams,
	year = 				 {2000},
	OPTkey = 			 {},
	volume = 	 {81},
	number = 	 {1},
	pages = 		 {41-48},
	OPTmonth = 		 {},
	OPTnote = 		 {}
}



@Article{Sim82,
	author = 			 {Simmons, A.J.},
	title = 			 {The forcing of stationary wave motion by tropical diabatic heating},
	journal = 		 qjrms,
	year = 				 {1982},
	OPTkey = 			 {},
	volume = 	 {108},
	number = 	 {457},
	pages = 		 {503-534},
	OPTmonth = 		 {},
	OPTnote = 		 {}
}

@Article{Ban00,
	author = 			 {Banks, H.T.},
	title = 			 {{Indonesian Throughflow in a coupled climate model and the sensitivity of the heat budget and deep overturning}},
	journal = 		 jgro,
	year = 				 {2000},
	OPTkey = 			 {},
	volume = 	 {105},
	number = 	 {C11},
	pages = 		 {26135-26150},
	OPTmonth = 		 {},
	OPTnote = 		 {}
}

@InCollection{CS81,
	author = 			 {Charney, J.G. and Shukla, J.},
	title = 			 {Predictability of Monsoons},
	booktitle = 	 {Monsoon Dynamics},
	OPTcrossref =  {},
	OPTkey = 			 {},
	OPTpages = 		 {},
	publisher = {Cambridge University Press},
	year = 		 {1981},
	editor = 	 {Lighthill, J. and Pearce, R.P.},
	OPTvolume = 	 {},
	OPTnumber = 	 {},
	OPTseries = 	 {},
	OPTtype = 		 {},
	chapter = 	 {6},
	OPTaddress = 	 {},
	OPTedition = 	 {},
	OPTmonth = 		 {},
	OPTnote = 		 {\\ {\bf IM}},
	OPTannote = 	 {}
}

@Article{LB95,
	author = 			 {Latif, M. and Barnett, T.P.},
	title = 			 {Interactions of the Tropical Oceans},
	journal = 		 joc,
	year = 				 {1995},
	OPTkey = 			 {},
	volume = 	 {8},
	number = 	 {4},
	pages = 		 {952-968},
	OPTmonth = 		 {},
	OPTnote = 		 {\\ {\bf SP}}
}

@Article{CH01,
	author = 			 {Connolley, W.M. and Harangozo, S.A. },
	title = 			 {{A comparison of five numerical weather prediction 
analysis climatologies in southern high latitudes}},
	journal = 		 joc,
	year = 				 {2001},
	OPTkey = 			 {},
	volume = 	 {14},
	number = 	 {1},
	pages = 		 {30-43},
	OPTmonth = 		 {},
	OPTnote = 		 {},
	OPTannote = 	 {}
}

@Article{MH00,
	author = 			 {Marshall, G. and Harangozo, S.A.},
	title = 			 {{An appraisal of NCEP/NCAR reanalysis MSLP data viability 
for climate studies in the South Pacific}},
	journal = 		 grl,
	year = 				 {2000},
	OPTkey = 			 {},
	volume = 	 {27},
	number = 	 {29},
	pages = 		 {3057-3060},
	OPTmonth = 		 {},
	OPTnote = 		 {},
	OPTannote = 	 {}
}

@Article{Har00,
	author = 			 {Harangozo, S.A.},
	title = 			 {{A search for ENSO teleconnections in the west Antarctic Peninsula climate in austral winter}},
	journal = 		 ijc,
	year = 				 {2000},
	OPTkey = 			 {},
	volume = 	 {20},
	number = 	 {6},
	pages = 		 {663-679},
	OPTmonth = 		 {},
	OPTnote = 		 {},
	OPTannote = 	 {}
}

@Article{KV96,
	author = 			 {Ko, K.C. and Vincent, D.G.},
	title = 			 {{Behavior of one to two week summertime subtropical wind maxima over the South Pacific during an ENSO cycle}},
	journal = 		 joc,
	year = 				 {1996},
	OPTkey = 			 {},
	volume = 	 {9},
	number = 	 {1},
	pages = 		 {5-16},
	OPTmonth = 		 {},
	OPTnote = 		 {},
	OPTannote = 	 {}
}

@Article{ARM00,
	author = 			 {Ansell, T. and Reason, C.J.C. and Meyers, G.},
	title = 			 {{Variability in the tropical southeast Indian Ocean and links with southeast Australian winter rainfall}},
	journal = 		 grl,
	year = 				 {2000},
	OPTkey = 			 {},
	volume = 	 {27},
	number = 	 {24},
	pages = 		 {3977-3980},
	OPTmonth = 		 {Dec},
	OPTnote = 		 {\\ {\bf IO}}
}

@Article{BSS02,
	author = 			 {Black, E. and Slingo, J.M. and Sperber, K.R.},
	title = 			 {{An observational study of the relationship between excessively strong short rains in coastal East Africa and Indian Ocean SST}},
	journal = 		 {To appear in Mon. Wea. Rev.},
	year = 				 {2002},
	OPTkey = 			 {},
	OPTvolume = 	 {},
	OPTnumber = 	 {},
	OPTpages = 		 {},
	OPTmonth = 		 {},
	OPTnote = 		 {\\ {\bf IO}}
}

@Article{BSY00,
	author = 			 {Behera, S.K. and Salvekar, P.S. and Yamagata, T.},
	title = 			 {{Simulation of interannual SST variability in the tropical Indian Ocean}},
	journal = 		 joc,
	year = 				 {2000},
	OPTkey = 			 {},
	volume = 	 {13},
	number = 	 {19},
	pages = 		 {3487-3499},
	OPTmonth = 		 {},
	OPTnote = 		 {\\ {\bf IO}}
}

@Article{FB94,
	author = 			 {Frederiksen, C.S. and Balgovind, R.C.},
	title = 			 {{The influence Of The Indian-Ocean Indonesian SST gradient on the Australian winter rainfall and circulation in an atmospheric GCM}},
	journal = 		 qjrms,
	year = 				 {1994},
	OPTkey = 			 {},
	volume = 	 {120},
	number = 	 {518},
	pages = 		 {923-952},
	OPTmonth = 		 {Jul},
	OPTnote = 		 {\\ {\bf IO}}
}

@Article{GG99,
	author = 			 {Goddard, L. and Graham, N.E.},
	title = 			 {{Importance of the Indian Ocean for simulating rainfall anomalies over eastern and southern Africa}},
	journal = 		 jgr,
	year = 				 {1999},
	volume = 	 {104},
	number = 	 {D16},
	pages = 		 {19099-19116},
	OPTmonth = 		 {Aug},
	OPTnote = 		 {\\ {\bf IO}}
}

@Article{LW00,
	author = 			 {Loschnigg, J. and Webster, P.J.},
	title = 			 {{A coupled ocean-atmosphere system of SST modulation for the Indian Ocean}},
	journal = 		 joc,
	year = 				 {2000},
	OPTkey = 			 {},
	volume = 	 {13},
	number = 	 {19},
	pages = 		 {3342-3360},
	OPTmonth = 		 {},
	OPTnote = 		 {\\ {\bf IO}}
}

@Article{NKET95,
	author = 			 {Nagai, T. and Kitamura, Y. and Endoh, M. and Tokioka, T},
	title = 			 {{Coupled atmosphere ocean model simulations of \elnino\ Southern Oscillation with and without an active Indian-Ocean}},
	journal = 		 joc,
	year = 				 {1995},
	OPTkey = 			 {},
	volume = 	 {8},
	number = 	 {1},
	pages = 		 {3-14},
	OPTmonth = 		 {jan},
	OPTnote = 		 {\\ {\bf IO}},
	OPTannote = 	 {}
}

@Article{Nic89,
	author = 			 {Nicholls, N.},
	title = 			 {Sea Surface Temperatures and {Australian} Winter Rainfall},
	journal = 		 joc,
	year = 				 {1989},
	OPTkey = 			 {},
	volume = 	 {2},
	number = 	 {9},
	pages = 		 {965-973},
	OPTmonth = 		 {Sept},
	OPTnote = 		 {\\ {\bf IO}}
}

@Article{SGVY99,
	author = 			 {Saji, N.H. and Goswami, B.N. and Vinayachandran, P.N. and Yamagata, T.},
	title = 			 {{A dipole mode in the tropical Indian Ocean}},
	journal = 		 nat,
	year = 				 {1999},
	OPTkey = 			 {},
	volume = 	 {401},
	number = 	 {6751},
	pages = 		 {360-363},
	OPTmonth = 		 {Sep},
	OPTnote = 		 {\\ {\bf IO}}
}

@Article{VLV00,
	author = 			 {Venzke, S. and Latif, M. and Villwock, A.},
	title = 			 {{The coupled GCM ECHO-2. Part II: Indian ocean response to ENSO}},
	journal = 		 joc,
	year = 				 {2000},
	OPTkey = 			 {},
	volume = 	 {13},
	number = 	 {8},
	pages = 		 {1371-1383},
	OPTmonth = 		 {Apr},
	OPTnote = 		 {\\ {\bf IO}},
	OPTannote = 	 {}
}

@Article{WMLL99,
	author = 			 {Webster, P.J. and Moore, A.M. and Loschnigg, J.P. and Leben, R.R.},
	title = 			 {{Coupled ocean-atmosphere dynamics in the Indian Ocean during 1997-98}},
	journal = 		 nat,
	year = 				 {1999},
	OPTkey = 			 {},
	volume = 	 {401},
	number = 	 {6751},
	pages = 		 {356-360},
	OPTmonth = 		 {},
	OPTnote = 		 {\\ {\bf IO}}
}

@Article{YR99,
	author = 			 {Yu, L.S. and Rienecker, M.M.},
	title = 			 {{Mechanisms for the Indian Ocean warming during the 1997-98 \elnino}},
	journal = 		 grl,
	year = 				 {1999},
	OPTkey = 			 {},
	volume = 	 {26},
	number = 	 {6},
	pages = 		 {735-738},
	OPTmonth = 		 {Mar},
	OPTnote = 		 {\\ {\bf IO}}
}

@Article{YBR+02,
	author = 			 {Yamagata, T. and Behera, S.B. and Rao, S.A. and Guan, Z. and Ashok, K. and Saji, H.N.},
	title = 			 {{The Indian Ocean dipole: a physical entity}},
	journal = 		 {Exchanges},
	year = 				 {2002},
	OPTkey = 			 {},
	volume = 	 {24},
	OPTnumber = 	 {},
	OPTpages = 		 {},
	month = 		 {June},
	OPTnote = 		 {\\ {\bf IO}}
}

@Article{GY0x,
	author = 			 {Guan, Z. and Yamagata, T.},
	title = 			 {The Unusual 1994 Summer in East Asia: IOD Teleconnetions},
	journal = 		 {submitted to GRL},
	year = 				 {2002},
	OPTkey = 			 {},
	OPTvolume = 	 {},
	OPTnumber = 	 {},
	OPTpages = 		 {},
	OPTmonth = 		 {},
	OPTnote = 		 {\\ {\bf IO}}
}

@Article{BLL02,
	author = 			 {Baquero-Bernal, A. and Latif, M. and Legutke, S.},
	title = 			 {On Dipolelike Variability of Sea Surface Temperature in the Tropical Indian Ocean},
	journal = 		 joc,
	year = 				 {2002},
	OPTkey = 			 {},
	volume = 	 {15},
	OPTnumber = 	 {},
	pages = 		 {1358-1368},
	OPTmonth = 		 {},
	OPTnote = 		 {\\ {\bf IO}}
}

@Article{XASM02,
	author = 			 {Xie, S.-P. and Annamalai, H. and Schott, F. A. and McCreary, J. P.},
	title = 			 {{Structure and mechanisms of South Indian Ocean climate variability}},
	journal = 		 joc,
	year = 				 {2002},
	OPTkey = 			 {},
	volume = 	 {15},
	number = 	 {8},
	pages = 		 {864-878},
	OPTmonth = 		 {},
	OPTnote = 		 {\\ {\bf IO}}
}

@Article{AMP+03,
	author = 			 {Annamalai, H. and Murtugudde, R. and Potemra, J. and Xie, S.P. and Liu, P. and Wang, B. },
	title = 			 {{Coupled dynamics over the Indian Ocean: Spring initiation of the zonal mode}},
	journal = 		 {Deep Sea Research II},
	year = 				 {2003},
	OPTkey = 			 {},
	OPTvolume = 	 {},
	OPTnumber = 	 {},
	OPTpages = 		 {},
	OPTmonth = 		 {},
	OPTnote = 		 {},
	OPTannote = 	 {}
}

@Article{LDDG99,
	author = 			 {Latif, M. and Dommenget, D. and Dima, M. and Gr\"{o}tzner, A.},
	title = 			 {The Role of {Indian Ocean} Sea Surface Temperature in Forcing {East African} Rainfall Anomalies during {December-January} 1997/98},
	journal = 		 joc,
	year = 				 {1999},
	OPTkey = 			 {},
	volume = 	 {12},
	number = 	 {12},
	pages = 		 {3497-3504},
	OPTmonth = 		 {},
	OPTnote = 		 {\\ {\bf IO}}
}

@Article{BKY99,
	author = 			 {Behera, S.K. and Krishnan, R. and Yamagata, T.},
	title = 			 {Unusual ocean-atmosphere conditions in the tropical {Indian Ocean} during 1994},
	journal = 		 grl,
	year = 				 {1999},
	OPTkey = 			 {},
	volume = 	 {26},
	number = 	 {19},
	pages = 		 {3001-3004},
	OPTmonth = 		 {},
	OPTnote = 		 {\\ {\bf IO}}
}

@Article{SG03,
	author = 			 {Schiller, A. and Godfrey, J.S.},
	title = 			 {{Indian Ocean intraseasonal variability in an ocean general circulation model}},
	journal = 		 joc,
	year = 				 {2003},
	OPTkey = 			 {},
	volume = 	 {16},
	number = 	 {1},
	pages = 		 {21-39},
	OPTmonth = 		 {},
	OPTnote = 		 {}
}

@Unpublished{NY0x,
	author = 			 {Behera, S.K. and Yamagata, T.},
	title = 			 {{Influence of the Indian Ocean dipole on the Southern Oscillation}},
	OPTjournal = 		 {},
	OPTyear = 				 {},
	OPTkey = 			 {},
	OPTvolume = 	 {},
	OPTnumber = 	 {},
	OPTpages = 		 {},
	OPTmonth = 		 {},
	OPTnote = 		 {},
	OPTannote = 	 {}
}

@Article{GGN+0x,
	author = 			 {Gualdi, X. and Guilyardi, E. and Navarra, A. and Masina, S. and Delecluse, P.},
	title = 			 {{The interannual variability in the tropical Indian Ocean as simulated by a CGCM}},
	journal = 		 cd,
	year = 				 {2003},
	OPTkey = 			 {},
	OPTvolume = 	 {accepted},
	OPTnumber = 	 {},
	OPTpages = 		 {},
	OPTmonth = 		 {},
	OPTnote = 		 {}
}

@Book{SCG01,
	ALTauthor = 	 {},
	editor = 	 {Siedler, G. and Church, J. and Gould J.},
	title = 			 {Ocean circulation and climate. Observing and modelling the global ocean},
	publisher = 	 {Academic Press},
	year = 				 {2001},
	OPTkey = 			 {},
	volume = 	 {77},
	OPTnumber = 	 {},
	series = 	 {International Geophysics series},
	OPTaddress = 	 {},
	OPTedition = 	 {},
	OPTmonth = 		 {},
	OPTnote = 		 {},
	OPTannote = 	 {}
}

@Article{Mey96,
	author = 			 {Meyers, G.},
	title = 			 {{Variation of Indonesian throughflow and the El Nino Southern Oscillation}},
	journal = 		 jgro,
	year = 				 {1996},
	OPTkey = 			 {},
	volume = 	 {101},
	number = 	 {C5},
	pages = 		 {12255-12263},
	OPTmonth = 		 {},
	OPTnote = 		 {},
	OPTannote = 	 {}
}

@Article{MM98,
	author = 		 {Masumoto, Y. and Meyers, G.},
	title = 		 {{Forced Rossby waves in the southern tropical Indian Ocean}},
	journal = 	 jgro,
	year = 			 {1998},
	OPTkey = 		 {},
	volume = 	   {103},
	number = 	   {C12},
	pages = 		 {27589-27602},
	OPTmonth = 		 {},
	OPTnote = 		 {},
	OPTannote = 	 {}
}

@Article{MBB98,
	author = 			 {Murtugudde, R. and Busalacchi, A.J. and Beauchamp, J.},
	title = 			 {{Seasonal-to-interannual effects of the Indonesian throughflow on the tropical Indo-Pacific Basin}},
	journal = 		 jgro,
	year = 				 {1998},
	OPTkey = 			 {},
	volume = 	 {103},
	number = 	 {C10},
	pages = 		 {21425-21441},
	OPTmonth = 		 {},
	OPTnote = 		 {},
	OPTannote = 	 {}
}

@Book{ALD96,
	author = 	 {Allan, R. and Lindesay, J. and parker, D.},
	title = 			 {{\elnino\ Southern Oscillation and climatic variability}},
	publisher = 	 {CSIRO Publishing},
	year = 				 {1996},
	OPTkey = 			 {},
	OPTvolume = 	 {},
	OPTnumber = 	 {},
	OPTseries = 	 {},
	OPTaddress = 	 {},
	OPTedition = 	 {},
	OPTmonth = 		 {},
	OPTnote = 		 {},
	OPTannote = 	 {}
}
