@String{joc = {J. Climate}}
@String{qjrms = {Quart. J. Roy. Meteor. Soc.}}
@String{grl = {Geophys. Res. Lett.}}
@String{cd = {Climate Dyn.}}
@String{jgr = {J. Geophys. Res.}}
@String{jgro = {J. Geophys. Res. - Oceans}}
@String{jgra = {J. Geophys. Res. - Atmospheres}}
@String{mwr = {Mon. Wea. Rev.}}
@String{jas = {J. of Atmos Sci.}}
@String{jam = {J. Appl. Meteor.}}
@String{bams = {Bull. Amer. Meteor. Soc.}}
@String{jpo = {J. Phys. Oceanogr.}}
@String{aee = {Agriculture Ecosystems and Environment}}
@String{bwho = {Bull. World Health Org.}}
@String{tp = {Trends in Parasitology}}
@String{tel = {Tellus}}
@String{tela = {Tellus A}}
@String{wf = {Wea. Forecasting}}
@String{nat = {Nature}}
@String{jh  = {J. Hydrometeorology}}
@String{bams = {Bull. Amer. Meteor. Soc.}}
@String{asl = {Atmos. Sci. Lett.}}
@String{jmsj = {J. Meteor. Soc, Japan}}
@String{jcp = {J. Comput. Phys.}}
@String{ijnmf = {Int. J. Numer. Meth. Fluids}}
@String{cmame = {Comput. Methods Appl. Mech. Eng.}}
@String{anum = {Acta Numerica}}
@String{anm = {Applied Numerical Mathematics}}
@String{asl = {Atmos. Sci. Lett.}}
@String{jfm = {J. Fluid Mechanics}}


@Article{CD91,
  author = 		 {M. J. P. Cullen and T. Davies},
  title = 		 {A conservative split-explicit integration scheme with fourth-order horizontal advection},
  journal = 	 qjrms,
  year = 		 {1991},
  OPTkey = 		 {1991},
  volume = 	 {117},
  number = 	 {501},
  pages = 	 {993-1002},
  OPTmonth = 	 {},
  OPTnote = 	 {},
  OPTannote = 	 {}
}

@Article{JCC+97,
	author = 			 {Johns, T.C. and Carnell, R.E. and Crossley, J.F. and Gregory, J.M. and Mitchell, J.F.B. and Senior, C.A. and Tett, S.F.B. and Wood, R.A.},
	title = 			 {{The second Hadley Centre coupled ocean-atmosphere GCM: model description, spinup and validation}},
	journal = 		 cd,
	year = 				 {1997},
	OPTkey = 			 {DOI: 10.1007/s003820050155},
	volume = 	 {13},
	number = 	 {2},
	pages = 		 {103-134},
	OPTmonth = 		 {Feb},
	OPTnote = 		 {\\ {\bf Mo}},
	OPTannote = 	 {}
}

%    author  = {Johns, T.C. and Durman, C.F. and Banks, H.T. and Roberts, M.J.  and McLaren, A.J. and Ridley, J.K. and Senior, C.A and Williams, K.D. and Jones, A. and Rickard, G.J. and Cusack, S. and Ingram, W.J. and Crucifix, M. and Sexton, D.M.H. and Joshi, M.M.  and Dong, B-W. and Spencer, H. and Hill, R.S.R. and Gregory, J.M. and Keen, A.B. and Pardaens, A.K. and Lowe, J.A.  Bodas-Salcedo, A. and Stark, S. and Searl, Y.},
@Article{JDB+06,
    author  = {Johns, T.C. and Co-authors},
	OPTauthor = 			 {Johns, T.C. and Coauthors},
    title   = {{The new Hadley Centre climate model HadGEM1: Evaluation of coupled simulations}},
    journal = joc,
    year    = {2006},
    OPTkey  = {},
    volume  = {19},
    number  = {7},
    OPTpages   = {1327-1353},
    OPTmonth = {},
    OPTnote  = {}
}

@Article{DCM+05,
    author  = {Davies, T. and Cullen, M.J.P. and Malcolm, A.J. and Mawson, M.H. and Staniforth, A. and White, A.A. and Wood, N.},
    title   = {{A new dynamical core for the Met Office's global and regional modelling of the atmosphere}},
    journal = qjrms,
    year    = {2005},
    OPTkey  = {},
    volume  = {131},
    number  = {608},
    pages   = {1759-1782},
    OPTmonth = {April},
    OPTnote  = {}
}

@Article{MRP+06,
  author = 		 {G. M. Martin and M. A. Ringer and V. D. Pope and A. Jones and C. Dearden and T. J. Hinton},
  title = 		 {The Physical Properties of the Atmosphere in the New {Hadley Centre} Global Environmental Model ({HadGEM1}). Part {I}: Model Description and Global Climatology},
  journal = 	 joc,
  year = 		 {2006},
  OPTkey = 		 {},
  volume = 	 {19},
  number = 	 {7},
  pages = 	 {1274-1301},
  OPTmonth = 	 {Apr},
  OPTnote = 	 {},
  OPTannote = 	 {}
}

@Article{GCS+00,
	author = 			 {Gordon, C. and Cooper, C. and Senior, C.A. and Banks, H. and Gregory, J.M. and Johns, T.C. and Mitchell, J.F.B. and Wood, R.A.},
	title = 			 {{The simulation of SST, sea ice extents and ocean heat transports in a version of the Hadley Centre coupled model without flux adjustments}},
	journal = 		 cd,
	year = 				 {2000},
	OPTkey = 			 {},
	volume = 	 {16},
	number = 	 {2-3},
	pages = 		 {147-168},
	OPTmonth = 		 {},
	OPTnote = 		 {\\ {\bf Mo}}
}

@Article{PGR+00,
	author = 			 {Pope, V.D. and Gallani, M.L. and Rowntree, P.R. and Stratton, R.A.},
	title = 			 {{The impact of new physical parameterisations in the Hadley Centre climate model: HadAM3}},
	journal = 		 cd,
	year = 				 {2000},
	OPTkey = 			 {},
	volume = 	 {16},
	OPTnumber = 	 {},
	pages = 		 {123-146},
	OPTmonth = 		 {},
	OPTnote = 		 {\\ {\bf Mo}}
}

@Article{PGRS00,
	author = 			 {Pope, V.D. and Gallani, M.L. and Rowntree, P.R. and Stratton, R.A.},
	title = 			 {{The impact of new physical parametrizations in the Hadley Centre climate model: HadAM3}},
	journal = 		 cd,
	year = 				 {2000},
	OPTkey = 			 {},
	volume = 	 {16},
	number = 	 {2-3},
	pages = 		 {123-146},
	OPTmonth = 		 {},
	OPTnote = 		 {},
	OPTannote = 	 {}
}
