%@String{joc = {Journal of Climate}}
%@String{qjrms = {Quarterly Journal of the Royal Meteorological
%                  Society}}
%@String{grl = {Geophysical Research Letters}}
%@String{cd = {Climate Dynamics}}
%@String{jgr = {Journal of Geophysical Research}}
%@String{jgro = {Journal of Geophysical Research - Oceans}}
%@String{jgra = {Journal of Geophysical Research - Atmospheres}}
%@String{mwr = {Monthly Weather Review}}
%@String{jas = {Journal of Atmospheric Science}}
%@String{jam = {Journal of Applied Meteorology}}
%@String{bams = {Bulletin of the American Meteorological Society}}
%@String{jpo = {Journal of Physical Oceanography}}
%@String{aee = {Agriculture Ecosystems and Environment}}
%@String{bwho = {Bulletin of the World Health Organization}}
%@String{tp = {Trends in Parasitology}}
%@String{tel = {Tellus}}
%@String{wf = {Weather and Forecasting}}
%@String{nat = {Nature}}
%@String{jh  = {Journal of Hydrometeorology}}
%@String{bams = {Bulletine of the American Meteorological Society}}
%@String{asl = {Atmospheric Science Letters}}
%@String{jmsj = {Journal of the Meteorological Society of Japan}}
%@String{ijc = {International Journal of Climatology}}

% AMS abreviabtions
%@String{joc = {J. Climate}}
%@String{qjrms = {Quart. J. Roy. Meteor. Soc.}}
%@String{grl = {Geophys. Res. Lett.}}
%@String{cd = {Climate Dyn.}}
%@String{jgr = {J. Geophys. Res.}}
%@String{jgro = {J. Geophys. Res. - Oceans}}
%@String{jgra = {J. Geophys. Res. - Atmospheres}}
%@String{mwr = {Mon. Wea. Rev.}}
%@String{jas = {J. of Atmos Sci.}}
%@String{jam = {J. Appl. Meteor.}}
%@String{bams = {Bull. Amer. Meteor. Soc.}}
%@String{jpo = {J. Phys. Oceanogr.}}
%@String{aee = {Agriculture Ecosystems and Environment}}
%@String{bwho = {Bull. World Health Org.}}
%@String{tp = {Trends in Parasitology}}
%@String{tel = {Tellus}}
%@String{wf = {Wea. Forecasting}}
%@String{nat = {Nature}}
%@String{jh  = {J. Hydrometeorology}}
%@String{bams = {Bull. Amer. Meteor. Soc.}}
%@String{asl = {Atmos. Sci. Lett.}}
%@String{jmsj = {J. Meteor. Soc, Japan}}
%@String{ijc = {Int. J. of Climatology}}

% BGEA abreviabtions
@String{aee = {Agriculture Ecosystems and Environment}}
@String{ag = {Ann Geophys}}
@String{asl = {Atmos Sci Lett}}
@String{bams = {Bull Am Meteorol Soc}}
@String{bwho = {Bull World Health Org}}
@String{cd = {Clim Dyn}}
@String{dsr = {Deep-Sea Res}}
@String{gaos = {Global Atmos Ocean Syst}}
@String{grl = {Geophys Res Lett}}
@String{ijc = {Int J Climatol}}
@String{jam = {J Appl Meteorol}}
@String{jas = {J Atmos Sci}}
@String{jgr = {J Geophys Res}}
@String{jgra = {J Geophys Res}}
@String{jgro = {J Geophys Res}}
@String{jh  = {J Hydrometeorol}}
@String{jmsj = {J Meteor Soc Japan}}
@String{joc = {J Clim}}
@String{jpo = {J Phys Oceanogr}}
@String{mwr = {Mon Weather Rev}}
@String{nat = {Nature}}
@String{qjrms = {Q J R Meteorol Soc}}
@String{tel = {Tellus}}
@String{tp = {Trends in Parasitology}}
@String{wf = {Wea Forecasting}}

@Article{ABN+02,
	author = 			 {Alexander, M.A. and Blade, I. and Newman, M. and Lanzante, J.R. and Lau, N.-C. and Scott, J.D.},
	title = 			 {The Atmospheric Bridge: The Influence of {ENSO} Teleconnections on Air-Sea Interaction over the Global Oceans},
	journal = 		 joc,
	year = 				 {2002},
	OPTkey = 			 {},
	volume = 	 {15},
	number = 	 {16},
	pages = 		 {2205-2231},
	OPTmonth = 		 {},
	OPTnote = 		 {\\ {\bf SP}},
	OPTannote = 	 {}
}

@Book{ALD96,
	author = 	 {Allan, R. and Lindesay, J. and Parker, D.},
	title = 			 {{\elnino\ Southern Oscillation and climatic variability}},
	publisher = 	 {CSIRO Publishing},
	year = 				 {1996},
	OPTkey = 			 {},
	OPTvolume = 	 {},
	OPTnumber = 	 {},
	OPTseries = 	 {},
	OPTaddress = 	 {},
	OPTedition = 	 {},
	OPTmonth = 		 {},
	OPTnote = 		 {},
	OPTannote = 	 {}
}

@Article{ASSH99,
	author = 			 {Annamalai, H. and Slingo, J.M. and Sperber, K.R. and Hodges, K.},
	title = 			 {{The mean evolution and variability of the Asian summer monsoon: Comparison of ECMWF and NCEP-NCAR reanalyses}},
	journal = 		 mwr,
	year = 				 {1999},
	OPTkey = 			 {},
	volume = 	 {127},
	number = 	 {6},
	pages = 		 {1157-1186},
	OPTmonth = 		 {Jun},
	OPTnote = 		 {\\ {\bf IM}}
}

@Article{Ale92,
	author = 			 {Alexander, M.A.},
	title = 			 {{Midlatitude atmosphere-ocean interaction during \elnino. {P}art I: The North Pacific Ocean}},
	journal = 		 joc,
	year = 				 {1992},
	OPTkey = 			 {},
	volume = 	 {5},
	number = 	 {9},
	pages = 		 {944-958},
	OPTmonth = 		 {},
	OPTnote = 		 {\\ {\bf SP}},
	OPTannote = 	 {}
}

@Article{Ale92b,
	author = 			 {Alexander, M.A.},
	title = 			 {{Midlatitude atmosphere-ocean interaction during \elnino. {P}art II: The Northern hemisphere atmosphere}},
	journal = 		 joc,
	year = 				 {1992},
	OPTkey = 			 {},
	volume = 	 {5},
	number = 	 {9},
	pages = 		 {959-972},
	OPTmonth = 		 {},
	OPTnote = 		 {\\ {\bf SP}},
	OPTannote = 	 {}
}

@Article{BGH99,
	author = 			 {Barnston, A.G. and Glantz, M.H. and He, Y.X.},
	title = 			 {{Predictive skill of statistical and dynamical climate models in SST forecasts during the 1997-98 El Nino episode and the 1998 La Nina onset}},
	journal = 		 bams,
	year = 				 {1999},
	OPTkey = 			 {},
	volume = 	 {80},
	number = 	 {2},
	pages = 		 {217-243},
	OPTmonth = 		 {Feb},
	OPTnote = 		 {\\ {\bf SP} not photocopied}
}

@Article{BL87,
	author =			 {Barnston, A.G. and Livesey, R.E.},
	title =				 {{Classification, seasonality and persistence of low
                  frequency circulation patterns}},
	journal =			 mwr,
	year =				 {1987},
	volume =			 {115},
  pages =        {1083-1126}
	,OPTnote =				 {}
}

@Article{BLS97,
	author = 			 {Bony, S. and Lau, K-M and Sud, Y.C.},
	title = 			 {Sea surface temperture and large-scale circulation influences on tropical greenhouse effect and cloud radiative forcing},
	journal = 		 joc,
	year = 				 {1997},
	OPTkey = 			 {},
	volume = 	 {10},
	OPTnumber = 	 {},
	pages = 		 {2055-2077},
	OPTmonth = 		 {Aug},
	OPTnote = 		 {\\ {\bf G}},
	OPTannote = 	 {}
}

@Article{BM01b,
	author = 			 {Boulanger, J.P. and Menkes, C.},
	title = 			 {{The Trident Pacific model. {P}art 2: role of long equatorial wave reflection on sea surface temperature anomalies during the 1993-1998 TOPEX/POSEIDON period}},
	journal = 		 cd,
	year = 				 {2001},
	OPTkey = 			 {},
	volume = 	 {17},
	number = 	 {2-3},
	pages = 		 {175-186},
	OPTmonth = 		 {Jan},
	OPTnote = 		 {}
}

@Article{BP00,
	author = 			 {Brankovic, C. and Palmer, T.N.},
	title = 			 {{Seasonal skill and predictability of ECMWF PROVOST ensembles}},
	journal = 		 qjrms,
	year = 				 {2000},
	OPTkey = 			 {},
	volume = 	 {126},
	number = 	 {567},
	pages = 		 {2035-2067},
	OPTmonth = 		 {Jul},
	OPTnote = 		 {\\ {\bf SP}}
}

@Article{BPF94,
	author = 			 {Brankovic, C. and Palmer, T.N. and Ferranti, L.},
	title = 			 {Predictability of seasonal atmospheric variations},
	journal = 		 joc,
	year = 				 {1994},
	OPTkey = 			 {},
	volume = 	 {7},
	OPTnumber = 	 {},
	pages = 		 {217-237},
	OPTmonth = 		 {February},
	OPTnote = 		 {\\ {\bf SP}}
}

@Article{BPL+99,
	author =			 {Barnett, T.P. and Pierce, D.W. and Latif, M. and
                  Dommenget, D. and Saravanan, R.},
	title =				 {{Interdecadal interactions between the tropics and
                  midlatitudes in the Pacific basin}},
	journal =			 grl,
	year =				 {1999},
	volume =			 {26},
	number =			 {5},
	pages =				 {615-618},
	OPTmonth =				 {March}
	,OPTnote =				 {}
}

@Article{BS02,
	author = 			 {Barsugli, J.J. and Sardeshmukh, P.D.},
	title = 			 {Global Atmospheric Sensitivity to Tropical {SST} Anomalies throughout the {Indo-Pacific} Basin},
	journal = 		 joc,
	year = 				 {2002},
	OPTkey = 			 {},
	volume = 	 {15},
	number = 	 {23},
	pages = 		 {3427-3442},
	OPTmonth = 		 {},
	OPTnote = 		 {},
	OPTannote = 	 {}
}

@Article{BS99,
	author = 			 {Burgers, G. and Stephenson, D.B. },
	title = 			 {{The Normality of \elnino}},
	journal = 		 grl,
	year = 				 {1999},
	OPTkey = 			 {},
	volume = 	 {29},
	number = 	 {D7},
	pages = 		 {1027-1030},
	OPTmonth = 		 {April},
	OPTnote = 		 {}
}

@Article{BSF+00,
	author = 			 {Becker, B.D. and Slingo, J.M. and Ferranti, L. and Molteni, F.},
	title = 			 {{Seasonal predictability of the Indian Summer Monsoon: What role do land surface conditions play?}},
	journal = 		 {Millenial Special Issue of MAUSAM on `Global and Regional Climate Change'},
	year = 				 {2000},
	OPTnote = 		 {}
}

@Article{BSLM01,
	author = 			 {Becker, B.D. and Slingo, J.M. and Ferranti, L. and Molteni, F.},
	title = 			 {{Seasonal predictability of the Indian summer monsoon: What role do land surface conditions play?}},
	journal = 		 {MAUSAM},
	year = 				 {2001},
	OPTkey = 			 {},
	volume = 	 {52},
	number = 	 {1},
	pages = 		 {175-190},
	OPTmonth = 		 {Jan},
	OPTnote = 		 {\\ {\bf IM}}
}


@Article{BSW92,
	author =			 {Bretherton, C.S. and Smith, C. and Wallace, J.M.},
	title =				 {{An intercomparison of methods for finding coupled
                  patterns in climate data}},
	journal =			 joc,
	year =				 {1992},
	OPTkey =			 {},
	volume =			 {5},
	OPTnumber =		 {},
	pages =				 {541-560},
	OPTmonth =		 {}
	,OPTnote =				 {}
}


@Article{Ban00,
	author = 			 {Banks, H.T.},
	title = 			 {{Indonesian Throughflow in a coupled climate model and the sensitivity of the heat budget and deep overturning}},
	journal = 		 jgro,
	year = 				 {2000},
	OPTkey = 			 {},
	volume = 	 {105},
	number = 	 {C11},
	pages = 		 {26135-26150},
	OPTmonth = 		 {},
	OPTnote = 		 {}
}

@Article{Bat88,
	author = 			 {Battisti, D.S.},
	title = 			 {Dynamics and thermodynamics of a warming event in a coupled tropical atmosphere ocean model},
	journal = 		 jas,
	year = 				 {1988},
	OPTkey = 			 {},
	volume = 	 {45},
	number = 	 {20},
	pages = 		 {2889-2919},
	OPTmonth = 		 {Oct},
	OPTnote = 		 {}
}

@Article{Bje66,
	author = 			 {Bjerknes, J.},
	title = 			 {{A possible response of the atmospheric Hadley circulation to equatorial anomalies of ocean temperature}},
	journal = 		 tel,
	year = 				 {1966},
	OPTkey = 			 {},
	volume = 	 {18},
	OPTnumber = 	 {},
	pages = 		 {820-829},
	OPTmonth = 		 {},
	OPTnote = 		 {\\ {\bf SP}}
}

@Article{Bje69,
	author = 			 {Bjerknes, J.},
	title = 			 {Atmospheric Teleconnections from the Equatorial {Pacific}},
	journal = 		 mwr,
	year = 				 {1969},
	OPTkey = 			 {},
	volume = 	 {97},
	number = 	 {3},
	pages = 		 {163-172},
	OPTmonth = 		 {March},
	OPTnote = 		 {\\ {\bf SP}}
}

@Article{Bje72,
	author = 			 {Bjerknes, J.},
	title = 			 {{Large-scale atmospheric response to the 1964-65 Pacific equatorial warming}},
	journal = 		 jpo,
	year = 				 {1972},
	OPTkey = 			 {},
	volume = 	 {2},
	OPTnumber = 	 {},
	pages = 		 {212-217},
	OPTmonth = 		 {July},
	OPTnote = 		 {}
}

@Article{Bla99,
	author =			 {Blade, I.},
	title =				 {{The influence of midlatitude ocean-atmosphere
                  coupling on the low-frequency variability of a
                  GCM. {P}art II: Interannual variability induced by
                  tropical SST forcing}},
	journal =			 joc,
	year =				 {1999},
	volume =			 {12},
	number =			 {1},
	pages =				 {21-45},
	OPTmonth =				 {January}
	,OPTnote =				 {}
}

@Article{Bra95,
	author =			 {Branstator, G},
	title =				 {{Organisation of storm track anomalies by recurring
                  low-frequency circulation anomalies}},
	journal =			 jas,
	year =				 {1995},
	OPTkey =			 {},
	volume =			 {52},
	OPTnumber =		 {},
	pages =				 {207-226},
	OPTmonth =		 {}
	,OPT =				 {\\ {\bf ET}}
}

@Article{CAB+00,
 author = 			 {Covey, C. and Abe-Ouchi, A. and Boer, G.J. and Boville, B.A. and Cubasch, U. and Fairhead, L. and Flato, G.M. and Gordon, H. and Guilyardi, E. and Jiang, X. and Johns, T.C. and Le Treut, H. and Madec, G. and Meehl, G.A. and Miller, R. and Noda, A. and Power, S.B. and Roeckner, E. and Russell, G. and Schneider, E.K. and Stouffer, R.J. and Terray, L. and von Storch, J.S.},
	title = 			 {The seasonal cycle in coupled ocean-atmosphere general circulation models},
	journal = 		 cd,
	year = 				 {2000},
	volume = 	 {16},
	pages = 		 {775-787},
	OPTmonth = 		 {Oct},
	OPTnote = 		 {}
}

@Article{CCCG00,
	author = 			 {Carton, J.A. and Chepurin, G. and Cao, X.H. and Giese, B.},
	title = 			 {{A Simple Ocean Data Assimilation analysis of the global upper ocean 1950-95. {P}art I: Methodology}},
	journal = 		 jpo,
	year = 				 {2000},
	OPTkey = 			 {},
	volume = 	 {30},
	number = 	 {2},
	pages = 		 {294-309},
	OPTmonth = 		 {},
	OPTnote = 		 {},
	OPTannote = 	 {}
}

@Article{CH01,
	author = 			 {Connolley, W.M. and Harangozo, S.A. },
	title = 			 {{A comparison of five numerical weather prediction
analysis climatologies in southern high latitudes}},
	journal = 		 joc,
	year = 				 {2001},
	OPTkey = 			 {},
	volume = 	 {14},
	number = 	 {1},
	pages = 		 {30-43},
	OPTmonth = 		 {},
	OPTnote = 		 {},
	OPTannote = 	 {}
}

@Article{CMB00,
	author = 			 {Corti, S. and Molteni, F. and Brankovic, C.},
	title = 			 {{Predictability of snow-depth anomalies over Eurasia and associated circulation patterns}},
	journal = 		 qjrms,
	year = 				 {2000},
	OPTkey = 			 {},
	volume = 	 {126},
	OPTnumber = 	 {},
	pages = 		 {241-262},
	OPTmonth = 		 {},
	OPTnote = 		 {\\ {\bf SP}}
}

@Manual{COADS,
	title = 			 {Atlas of Surface Marine Data 1994},
	OPTkey = 			 {},
	author = 	 {{da Silva}, A. M. and C. C. Young and S. Levitus},
	organization = {NOAA},
	address = 	 {http://dss.ucar.edu/datasets/ds541.1},
	OPTedition = 	 {},
	OPTmonth = 		 {},
	year = 		 {2002},
	OPTnote = 		 {}
}

@Misc{CPC02,
	OPTkey = 			 {},
	author = 	 {http://www.cpc.ncep.noaa.gov},
	title = 		 {Climate Prediction Center},
	OPThowpublished = {},
	OPTmonth = 		 {},
	year = 		 {2002},
	OPTnote = 		 {}
}

@InCollection{CS81,
	author = 			 {Charney, J.G. and Shukla, J.},
	title = 			 {Predictability of Monsoons},
	booktitle = 	 {Monsoon Dynamics},
	OPTcrossref =  {},
	OPTkey = 			 {},
	OPTpages = 		 {},
	publisher = {Cambridge University Press},
	year = 		 {1981},
	editor = 	 {Lighthill, J. and Pearce, R.P.},
	OPTvolume = 	 {},
	OPTnumber = 	 {},
	OPTseries = 	 {},
	OPTtype = 		 {},
	chapter = 	 {6},
	OPTaddress = 	 {},
	OPTedition = 	 {},
	OPTmonth = 		 {},
	OPTnote = 		 {\\ {\bf IM}},
	OPTannote = 	 {}
}

@Article{CT00,
	author = 			 {Cassou, C. and Terray, L.},
	title = 			 {{Oceanic forcing of the wintertime low-frequency atmospheric variability in the North Atlantic European sector: A study with the ARPEGE model}},
	journal = 		 joc,
	year = 				 {2001},
	OPTkey = 			 {},
	volume = 	 {14},
	number = 	 {22},
	pages = 		 {4266-4291},
	OPTmonth = 		 {},
	OPTnote = 		 {\\ {\bf NA}}
}

@Article{CTC01,
	author = 			 {Collins, M. and Tett, S.F.B. and Cooper, C},
	title = 			 {{The internal climate variability of HadCM3, a version of the Hadley Centre coupled model without flux adjustments}},
	journal = 		 cd,
	year = 				 {2001},
	OPTkey = 			 {},
	volume = 	 {17},
	number = 	 {1},
	pages = 		 {61-81},
	OPTmonth = 		 {Jan},
	OPTnote = 		 {}
}

@Article{Coo03,
	author = 			 {Cook, K.H.},
	title = 			 {{Role of continents in driving the Hadley cells}},
	journal = 		 jas,
	year = 				 {2003},
	OPTkey = 			 {},
	volume = 	 {60},
	number = 	 {7},
	pages = 		 {957-976},
	OPTmonth = 		 {},
	OPTnote = 		 {\\ {\bf Ph}},
	OPTannote = 	 {}
}

@Article{DB95,
	author =			 {Deser, C. and Blackmon, M.L.},
	title =				 {{On the relationship between tropical and North
                  Pacific SST variations}},
	journal =			 joc,
	year =				 {1995},
	OPTkey =			 {},
	volume =			 {8},
	OPTnumber =		 {},
	pages =				 {1677-1680},
	OPTmonth =		 {}
	,OPTnote =				 {\\ {\bf SP}}
}

@Article{DHS+02,
	author = 			 {M.K. Davey and M. Huddleston and K.R. Sperber and P. Braconnot and F. Bryan and D. Chen  and R.A. Colman  and C. Cooper and U. Cubasch  and P. Delecluse and D. DeWitt and L. Fairhead and G. Flato and C. Gordon and T. Hogan and M. Ji and M. Kimoto and A. Kitoh and T.R. Knutson and M. Latif and H. Le Treut and T. Li and S. Manabe and C. R. Mechoso and G.A. Meehl and  J. Oberhuber and S.B. Power  and E. Roeckner and L. Terray and A. Vintzileos and R. Voss and  B. Wang and W.M. Washington and I. Yoshikawa and J-Y. Yu and  S. Yukimoto and S.E. Zebiak.},
	title = 			 {{STOIC: a study of coupled model climatology and
variability in tropical ocean regions}},
	journal = 		 cd,
	year = 				 {2002},
	OPTkey = 			 {},
	volume = 	 {18},
	OPTnumber = 	 {},
	pages = 		 {403-420},
	OPTmonth = 		 {},
	OPTnote = 		 {},
	OPTannote = 	 {}
}

@Article{DN02,
	author = 			 {DeWeaver, E. and Nigam, S.},
	title = 			 {{Linearity in ENSO's atmospheric response}},
	journal = 		 joc,
	year = 				 {2002},
	OPTkey = 			 {},
	volume = 	 {15},
	number = 	 {17},
	pages = 		 {2446-2461},
	OPTmonth = 		 {Sep},
	OPTnote = 		 {\\ {\bf SP}}
}

@Article{DW90,
	author =			 {Deser, C. and Wallace, J.M.},
	title =				 {{Large-scale atmospheric circulation features of warm
                  and cold episodes in the tropical Pacific}},
	journal =			 joc,
	year =				 {1990},
	volume =			 {3},
  pages =        {1254-1281}
	,OPTnote =				 {\\ {\bf SP}}
}

@Article{Del96,
	author =			 {Delworth, T.L.},
	title =				 {{North Atlantic interannual variability in a coupled
                  ocean-atmosphere model}},
	journal =			 joc,
	year =				 {1996},
	OPTkey =			 {},
	volume =		 {9},
	number =		 {10},
	pages =		 {2356-2375},
	OPTmonth =		 {}
	,OPTnote =				 {}
}

@Article{Duc79,
	author = 			 {Duchon, C.E.},
	title = 			 {{Lanczos filtering in one and two dimensions}},
	journal = 		 jam,
	year = 				 {1979},
	OPTkey = 			 {},
	volume = 	 {98},
	OPTnumber = 	 {},
	pages = 		 {1016-1022},
	OPTmonth = 		 {Aug},
	OPTnote = 		 {\\ {\bf M}}
}

@Manual{ECM1,
	title =				 {{The Description of ECMWF/WCRP Level III-A Global
                  Atmospheric Data Archive}},
	organization = {ECMWF},
	year =				 {1995}
	,OPTnote =				 {}
}

@Manual{ECM2,
	title =				 {{The Description of ECMWF Re-analysis Global
                  Atmospheric Data Archive}},
	organization = {ECMWF},
	year =				 {1996}
	,OPTnote =				 {}
}

@Article{EJS01,
	author = 			 {Elliott, J. R. and Jewson, S.P. and Sutton, R.T.},
	title = 			 {{The impact of the 1997/98 \elnino\ event on the Atlantic Ocean}},
	journal = 		 joc,
	year = 				 {2001},
	OPTkey = 			 {},
	volume = 	 {14},
	OPTnumber = 	 {},
	pages = 		 {1069-1077},
	OPTmonth = 		 {},
	OPTnote = 		 {}
}

@Article{FM92,
	author = 			 {Fraedrich, K. and Muller, K.},
	title = 			 {{Climate anomalies in Europe associated with ENSO extremes}},
	journal = 		 joc,
	year = 				 {1992},
	OPTkey = 			 {},
	volume = 	 {12},
	number = 	 {1},
	pages = 		 {25-31},
	OPTmonth = 		 {},
	OPTnote = 		 {\\ {\bf NA}}
}

@Article{FMP94,
	author = 			 {Ferranti, L. and Molteni, F. and Palmer, T.N.},
	title = 			 {{Impact of localized tropical and extratropical SST anomalies in ensembles of seasonal GCM integrations}},
	journal = 		 qjrms,
	year = 				 {1994},
	OPTkey = 			 {},
	volume = 	 {120},
	number = 	 {520},
	pages = 		 {1613-1645},
	OPTmonth = 		 {Oct},
	OPTnote = 		 {\\ {\bf SP}},
	OPTannote = 	 {}
}

@Article{FRB+01,
	author = 			 {Folland, C.K. and Rayner, N.A. and Brown, S.J. and Smith, T.M. and Shen, S.S.P. and Parker, D.E. and Macadam, I. and Jones, P.D. and Nicholls, N. and Sexton, D.M.H.},
	title = 			 {Global temperature change and its uncertainties since 1861},
	journal = 		 grl,
	year = 				 {2001},
	OPTkey = 			 {},
	volume = 	 {28},
	number = 	 {13},
	pages = 		 {2621-2624},
	OPTmonth = 		 {July},
	OPTnote = 		 {\\ {\bf G}}
}

@Article{FS99,
	author	=	{Fennessy, M.J. and Shukla, L.},
	title 	=	{{Impact of initial soil wetness on seasonal atmospheric prediction}},
	journal	=	joc,
	year	=	{1999},
	OPTkey	=	{},
	volume	=	{12},
	OPTnumber	=	{},
	pages	=	{3167-3180},
	OPTmonth	=	{November},
	OPTnote	=	{\\ {\bf LS}}
}

@Article{Fra83,
	author = 			 {William M. Frank},
	title = 			 {{Review: The cumulus parameterization problem}},
	journal = 		 mwr,
	year = 				 {1983},
	OPTkey = 			 {},
	volume = 	 {111},
	OPTnumber = 	 {},
	pages = 		 {1857-1871},
	OPTmonth = 		 {Sept},
	OPTnote = 		 {\\ {\bf Mo}}
}

@Article{Fra94,
	author = 			 {Fraedrich, K.},
	title = 			 {An ENSO impact on Europe - a review},
	journal = 		 tel,
	year = 				 {1994},
	OPTkey = 			 {},
	volume = 	 {A. 46},
	number = 	 {4},
	pages = 		 {541-552},
	OPTmonth = 		 {Aug},
	OPTnote = 		 {\\ {\bf NA}}
}

@Article{GBB+85,
	author	=	{Geisler, J.E. and Brown, M.L. and Bates, G.T. and Mu\~{n}oz, S.},
	title 	=	{{Sensitivity of January climate response to the magnitude and position of equatorial pacific sea surface temperature amomalies}},
	journal	=	jas,
	year	=	{1985},
	OPTkey	=	{},
	volume	=	{42},
	number	=	{10},
	pages	=	{1037-1049},
	OPTmonth	=	{May},
	OPTnote	=	{\\ {\bf SP}}
}

@Article{GBC+99,
	author = 			 {Gates, W.L. and Boyle, J.S. and Covey, C. and Dease, C.G. and Doutriaux, C.M. and Drach, R.S. and Fiorino, M. and Sperber, K.R. and Taylor, K.E. and Williams, D.N.},
	title = 			 {{An overview of the results of the Atmospheric Model Intercomparison Project (AMIP I)}},
	journal = 		 bams,
	year = 				 {1999},
	OPTkey = 			 {},
	volume = 	 {80},
	number = 	 {1},
	pages = 		 {29-55},
	OPTmonth = 		 {Jan},
	OPTnote = 		 {\\ {\bf Mo}}
}

@Article{GBW+94,
	author =			 {Graham, N.E. and Barnett, T.P. and Wilde, R. and
                  Schlese, U. and Bengtsson, L.},
	title =				 {{On the roles of tropical and midlatitude SSTs in
                  forcing interannual to interdecadal variability in
                  the winter Northern hemisphere circulation}},
	journal =			 joc,
	year =				 {1994},
	OPTkey =			 {},
	volume =			 {7},
	OPTnumber =		 {},
	pages =		 {1416-1441},
	OPTmonth =		 {}
	,OPTnote =				 {}
}

@Article{GCC+01,
	author = 			 {Giannini, A. and Chiang, J.C.H. and Cane, M.A. and Kushnir, Y. and Seager, R.},
	title = 			 {{The ENSO teleconnection to the tropical Atlantic ccean: contributions of the remote and local SSTs to rainfall variability in the tropical Americas}},
	journal = 		 joc,
	year = 				 {2001},
	OPTkey = 			 {},
	volume = 	 {14},
	OPTnumber = 	 {},
	pages = 		 {4530-4544},
	OPTmonth = 		 {Dec},
	OPTnote = 		 {\\ {\bf SP}}
}

@Article{GEM+00,
	author = 			 {Graham, R.J. and Evans, A.D.L. and Mylne, K.R. and Harrison, M.S.J. and Robertson, K.B.},
	title = 			 {An assessment of seasonal predictability using atmospheric general circulation models},
	journal = 		 qjrms,
	year = 				 {2000},
	OPTkey = 			 {},
	volume = 	 {126},
	number = 	 {567},
	pages = 		 {2211-2240},
	OPTmonth = 		 {Jul},
	OPTnote = 		 {\\ {\bf SP}},
	OPTannote = 	 {}
}

@Article{GLT+99,
	author = 			 {Grotzner, A. and Latif, M. and Timmermann, A. and Voss, V.},
	title = 			 {Interannual to Decadal Predictability in a Coupled Ocean Atmosphere General Circulation Model},
	journal = 		 joc,
	year = 				 {1999},
	volume = 	 {12},
	number = 	 {8},
	pages = 		 {2607-2624},
	OPTnote = 		 {\\ {\bf NA}}
}

@Article{GP95,
	author = 			 "Gu, D and Philander, G.H.",
	title = 			 "{Secular changes of annual and interannual
									variablilty in the tropics during the past century}",
	OPTcrossref =  "",
	OPTkey = 			 "",
	journal = 	 joc,
	year = 		 "1995",
	volume = 	 "8",
	OPTnumber = 	 "",
	pages = 		 "864-875",
	OPTmonth = 		 "April"
	,OPTnote = 		 "\\ {\bf SP}"
}

Article{GR90,
	author = 			 {Gregory, D. and Rowntree, P.R.},
	title = 			 {A Mass Flux Convection Scheme with Representation of Cloud Ensemble Charateristics and Stability-Dependent Closure},
	journal = 		 mwr,
	year = 				 {1990},
	OPTkey = 			 {},
	volume = 	 {118},
	OPTnumber = 	 {},
	pages = 		 {1483-1506},
	OPTmonth = 		 {July},
	OPTnote = 		 {\\ {\bf Mo}}
}

@Article{Gat92,
	author = 			 {Gates, W.L},
	title = 			 {{AMIP: The atmospheric model intercomparison project}},
	journal = 		 bams,
	year = 				 {1992},
	OPTkey = 			 {},
	volume = 	 {73},
	number = 	 {12},
	pages = 		 {1962-1970},
	OPTmonth = 		 {Dec},
	OPTnote = 		 {\\ {\bf Mo}}
}

@Article{Gil80,
	author = 			 {Gill, A.E.},
	title = 			 {{Some simple solutions for heat-induced tropical circulation}},
	journal = 		 qjrms,
	year = 				 {1980},
	OPTkey = 			 {},
	volume = 	 {106},
	OPTnumber = 	 {},
	pages = 		 {447-462},
	OPTmonth = 		 {},
	OPTnote = 		 {\\ {\bf Ph}}
}

@Article{HHX01,
	author = 			 {Hoerling, M. P. and Hurrell, J.W. and  Xu, T},
	title = 			 {{Tropical origins for recent North Atlantic climate change}},
	journal = 		 {Science},
	year = 				 {2001},
	OPTkey = 			 {},
	volume = 	 {292},
	OPTnumber = 	 {},
	pages = 		 {90-92},
	OPTmonth = 		 {Apr},
	OPTnote = 		 {\\ {\bf NA}}
}

@Article{HK81,
	author = 			 {Hoskins, B.J. and Karoly, D.J.},
	title = 			 {The Steady Linear Response Of A Spherical Atmosphere To Thermal And Orographic Forcing},
	Journal = 		 jas,
	year = 				 {1981},
	OPTkey = 			 {},
	volume = 	 {38},
	number = 	 {6},
	pages = 		 {1179-1196},
	OPTmonth = 		 {},
	OPTnote = 		 {\\ {\bf Ph}}
}

@Article{HK87,
	author = 			 {Held, I.M. and Kang, I-S},
	title = 			 {{Barotropic models of the extratropical response to \elnino}},
	journal = 		 jas,
	year = 				 {1987},
	OPTkey = 			 {},
	volume = 	 {44},
	number = 	 {23},
	pages = 		 {3576-3586},
	OPTmonth = 		 {Dec},
	OPTnote = 		 {\\ {\bf SP}}
}

@Article{HKX01,
	author = 			 {Hoerling, M.P. and Kumar, A. and Xu, T.Y.},
	title = 			 {{Robustness of the nonlinear climate response to ENSO's extreme phases}},
	journal = 		 joc,
	year = 				 {2001},
	OPTkey = 			 {},
	volume = 	 {14},
	number = 	 {6},
	pages = 		 {1277-1293},
	OPTmonth = 		 {},
	OPTnote = 		 {\\ {\bf SP}}
}

@Article{HKZ97,
	author =			 {Hoerling, M.P. and Kumar, A. and Zhong, M.},
	title =				 {{\elnino, \lanina\ and the nonlinearities of their
                  teleconnections}},
	journal =			 joc,
	year =				 {1997},
	OPTkey =			 {},
	volume =		 {10},
	number =		 {8},
	pages =		 {1769-1786},
	OPTmonth =				 {August}
	,OPTnote =				 {\\ {\bf SP}}
}

@Article{HLN89,
	author = 			 {Held, I.M. and Lyons, S.W. and Nigam, S.},
	title = 			 {{Transients of the extratropical response to \elnino}},
	journal = 		 jas,
	year = 				 {1989},
	OPTkey = 			 {},
	volume = 	 {46},
	number = 	 {1},
	pages = 		 {163-174},
	OPTmonth = 		 {Jan},
	OPTnote = 		 {\\ {\bf ET}}
}

@Article{HNRY99,
	author = 			 {Hoskins, B.J. and Neale, R. and Rodwell, M. and Yang, G.Y.},
	title = 			 {Aspects of the large-scale tropical atmospheric circulation},
	journal = 		 {Tellus Series A: Dynamical Meteorology and Oceanography},
	year = 				 {1999},
	OPTkey = 			 {},
	volume = 	 {51},
	number = 	 {1},
	pages = 		 {33-44},
	OPTmonth = 		 {},
	OPTnote = 		 {\\ {\bf Ph}}
}

@Article{HR92,
	author = 			 {Halpert, M.S. and Ropelewski, C.F.},
	title = 			 {{Surface temperature patterns associated with the Southern Oscillation}},
	journal = 		 joc,
	year = 				 {1992},
	OPTkey = 			 {},
	volume = 	 {5},
	OPTnumber = 	 {},
	pages = 		 {577-593},
	OPTmonth = 		 {},
	OPTnote = 		 {\\ {\bf SP}}
}

@Article{HT94,
	author =			 {Hoerling, M.P. and Ting, M.},
	title =				 {{Organisation of extratropical transients during \elnino }},
	journal =			 joc,
	year =				 {1994},
	volume =			 {7},
  pages =        {745-766}
	,OPTnote =				 {\\ {\bf ET}}
}

@Article{HV99,
	author = 			 {Harrison, D.E. and Vecchi, G.A.},
	title = 			 {{On the termination of \elnino}},
	journal = 		 grl,
	year = 				 {1999},
	OPTkey = 			 {},
	volume = 	 {26},
	number = 	 {11},
	pages = 		 {1593-1596},
	OPTmonth = 		 {},
	OPTnote = 		 {\\ {\bf Ph}},
	OPTannote = 	 {}
}

@Article{HW81,
	author = 			 {Horel, J.D. and Wallace, J.M.},
	title = 			 {{Planetary scale atmospheric phenomena associated with the Southern Oscillation}},
	journal = 		 mwr,
	year = 				 {1981},
	OPTkey = 			 {},
	volume = 	 {109},
	OPTnumber = 	 {},
	pages = 		 {813-829},
	OPTmonth = 		 {}
	,OPTnote = 		 {\\ {\bf SP}}
}

@Manual{Had98,
	title =				 {{GISST, Global sea-Ice and SST data}},
	organization = {Hadley Centre, UK Meteorological Office},
	year =				 {1998}
	,OPTnote =				 {}
}

@Article{Han01,
	author = 			 {Hannachi, A.},
	title = 			 {{Toward a nonlinear identification of the atmospheric response to ENSO}},
	journal = 		 joc,
	year = 				 {2001},
	OPTkey = 			 {},
	volume = 	 {14},
	number = 	 {9},
	pages = 		 {2138-2149},
	OPTmonth = 		 {},
	OPTnote = 		 {\\ {\bf SP}}
}

@Article{Har00,
	author = 			 {Harangozo, S.A.},
	title = 			 {{A search for ENSO teleconnections in the west Antarctic Peninsula climate in austral winter}},
	journal = 		 ijc,
	year = 				 {2000},
	OPTkey = 			 {},
	volume = 	 {20},
	number = 	 {6},
	pages = 		 {663-679},
	OPTmonth = 		 {},
	OPTnote = 		 {},
	OPTannote = 	 {}
}

@InProceedings{IS01,
	author = 			 {Inness, P.M. and Slingo, J.M.},
  year = {2001},
	title = 			 {{Simulation of the Madden-Julian Oscillation: A tough test for a coupled Model}},
	booktitle = 	 {Proceedings of the 81st Annual Meeting of the American Meteorological Society - Symposium on Climate Variability, the Oceans and Societal Impacts},
}

@Article{ISW+01,
	author = 			 {Inness, P.M. and Slingo, J.M. and Woolnough, S.J. and Neale, R.B. and Pope, V.D.},
	title = 			 {{Organization of tropical convection in a GCM with varying vertical resolution; implications for the Madden-Julian Oscillation}},
	journal = 		 cd,
	year = 				 {2001},
	OPTkey = 			 {},
	volume = 	 {17},
	number = 	 {10},
	pages = 		 {777-793},
	OPTmonth = 		 {Jul},
	OPTnote = 		 {}
}

@Article{JHRM00,
	author = 			 {Jones, J.W. and Hansen, J.W. and Royce, F.S. and Messina, C.D.},
	title = 			 {Potential benefits of climate forecasting to agriculture},
	journal = 		 aee,
	year = 				 {2000},
	OPTkey = 			 {},
	volume = 	 {82},
	number = 	 {1-3},
	pages = 		 {169-184},
	OPTmonth = 		 {Dec},
	OPTnote = 		 {\\ {\bf AS}}
}

@Article{JLH91,
	author = 			 {Joseph, P.V. and Liebmann, B. and Hendon, H.H.},
	title = 			 {{Interannual variability of the Australian summer monsoon onset - possible influence of Indian-summer monsoon and \elnino}},
	journal = 		 joc,
	year = 				 {1991},
	OPTkey = 			 {},
	volume = 	 {4},
	number = 	 {5},
	pages = 		 {1991},
	OPTmonth = 		 {May},
	OPTnote = 		 {\\ {\bf TT}}
}

@Article{Jin97,
	author = 			 {Fei-Fei Jin},
	title = 			 {{An equatorial ocean recharge paradigm for ENSO. {P}art I: Conceptual model}},
	journal = 		 jas,
	year = 				 {1997},
	OPTkey = 			 {},
	volume = 	 {54},
	OPTnumber = 	 {},
	pages = 		 {811-829},
	OPTmonth = 		 {April},
	OPTnote = 		 {}
}

@Article{KA99,
	author = 			 {Kitoh, A. and Arakawa, O.},
	title = 			 {On overestimation of tropical precipitation by and atmospheric {GCM} with prescribed {SST}},
	journal = 		 grl,
	year = 				 {1999},
	OPTkey = 			 {},
	volume = 	 {26},
	number = 	 {19},
	pages = 		 {2965-2968},
	OPTmonth = 		 {Oct},
	OPTnote = 		 {\\ {\bf TT}}
}

@Article{KAC+91,
 author = 			 {M. Kanamitsu and J.C. Alpert and K.A. Campana and P.M. Caplan and D.G. Deaven and M. and Iredell, B. and Katz, H.-L. and Pan, J. and Sela and G.H. White},
  title = 			 {{Recent changes implemented into the global forecast system at NMC}},
	journal = 		 wf,
	year = 				 {1991},
	OPTkey = 			 {},
	volume = 	 {6},
	number = 	 {3},
	pages = 		 {425-436},
	OPTmonth = 		 {Apr},
	OPTnote = 		 {\\ {\bf Mo}}
}

@Article{KD80,
	author =			 {Kiladis, G.N. and Diaz, H.F.},
	title =				 {{Global climatic anomalies associated with extremes
                  in the Southern Oscillation}},
	journal =			 joc,
	year =				 {1980},
	volume =			 {2},
  pages =        {1069-1090}
	,OPTnote =				 {}
}

@Article{KDH+01,
	author = 			 {Koster, R.D. and Dirmeyer, P.A. and Hahmann, A.N. and Ijpelaar, R. and Tyahla, L. and Cox, P. and Suarez, M.J.},
	title = 			 {Comparing the degree of land-atmosphere interaction in four atmospheric general circulation models},
	journal = 		 jh,
	year = 				 {2001},
	OPTkey = 			 {},
	volume = 	 {3},
	number = 	 {3},
	pages = 		 {363-375},
	OPTmonth = 		 {},
	OPTnote = 		 {\\ {\bf LS}}
}

@Article{KG00,
	author =			 {Krishnamurthy, V. and Goswami, B.N.},
	title =				 {{Indian monsoon-ENSO relationship on interdecadal
                  timescale}},
	journal =			 joc,
	year =				 {2000},
	volume =			 {13},
	number =			 {3},
	pages =				 {579-595},
	OPTmonth =				 {Feb}
	,OPTnote =				 {\\ {\bf IM}}
}

@Article{KH03,
	author =			 {Kumar, A. and Hoerling, M.P.},
	title =				 {{The nature and causes for the delayed atmospheric response to \elnino}},
	journal =			 joc,
	year =				 {2003},
	OPTkey =			 {},
	volume =		 {16},
	number =		 {9},
	pages =		 {1391-1403},
	OPTmonth =				 {}
	,OPTnote =				 {\\ {\bf SP}}
}

@Article{KH97,
	author =			 {Kumar, A. and Hoerling, M.P.},
	title =				 {{Interpretation and implications of observed
                  inter-\elnino\ variability}},
	journal =			 joc,
	year =				 {1997},
	OPTkey =			 {},
	volume =			 {10},
	OPTnumber =		 {},
	pages =		 {83-91},
	OPTmonth =		 {}
	,OPTnote =				 {}
}

@Article{KH98,
	author = 			 {Kumar, A. and Hoerling, M.P.},
	title = 			 {Specification of regional sea surface temperatures in atmospheric general circulation model simulations},
	journal = 		 jgra,
	year = 				 {1998},
	OPTkey = 			 {},
	volume = 	 {103},
	number = 	 {D8},
	pages = 		 {8901-8907},
	OPTmonth = 		 {},
	OPTnote = 		 {\\ {\bf SP}},
	OPTannote = 	 {}
}

@Article{KHL+96,
	author = 			 {Kumar, A. and Hoerling, M. and Leetma, M.J.A. and Sardeshmukh, P.},
	title = 			 {{Assessing a GCM's suitability for making seasonal predictions}},
	journal = 		 joc,
	year = 				 {1996},
	volume = 	 {9},
	pages = 		 {115-129},
	OPTnote = 		 {\\ {\bf SP}}
}


@Article{KK00,
	author =			 {Kessler, W.S. and Kleeman, R.},
	title =				 {{Rectification of the Madden-Julian Oscillation into
                  the ENSO cycle}},
	journal =			 joc,
	year =				 {2000},
	volume = 	 {13},
  number =   {20},
	pages = 		 {3560-3575},
	OPTnote =				 {}
}

@Article{KK99,
	author	=	{Kripalani, R.H. and Kulkarni, A.},
	title 	=	{{Climatology and variability of historical Soviet snow depth data: some new perspectives in snow - Indian monsoon teleconnections}},
	journal	=	cd,
	year	=	{1999},
	OPTkey	=	{},
	volume	=	{15},
	OPTnumber	=	{},
	pages	=	{475-489},
	OPTmonth	=	{},
	OPTnote	=	{}
}

@Article{KMW95,
	author =			 {Kessler, W.S. and McPhaden, M.J. and Weickmann, K.M.},
	title =				 {{Forcing of intraseasonal Kelvin waves in the
                  equatorial Pacific}},
	journal =			 jgro,
	year =				 {1995},
	volume =			 {100},
  number =       {C6},
	pages =				 {10613-10631}
	,OPTnote =				 {}
}

@Article{KS00,
	author = 			 {Kirtman, B.P. and Shukla, J.},
	title = 			 {{Influence of the Indian summer monsoon on ENSO}},
	journal = 		 qjrms,
	year = 				 {2000},
	OPTkey = 			 {},
	volume = 	 {126},
	number = 	 {562},
	pages = 		 {213-239},
	OPTmonth = 		 {Jan},
	OPTnote = 		 {\\ {\bf IM}}
}

@Article{KS02,
	author = 			 {Kirtman, B.P. and Shukla, J.},
	title = 			 {{Interactive coupled ensemble: A new coupling strategy for CGCMs}},
	journal = 		 grl,
	year = 				 {2002},
	OPTkey = 			 {},
	volume = 	 {29},
	OPTnumber = 	 {},
	OPTpages = 		 {},
	OPTmonth = 		 {},
	OPTnote = 		 {}
}

@Article{KSKS97,
	author = 			 {Kawamura, R. and Sugi, M. and Kayahara, T. and Sato, N.},
	title = 			 {{Recent abnormal changes in wintertime atmospheric response to tropical SST forcing}},
	journal = 		 grl,
	year = 				 {1997},
	OPTkey = 			 {},
	volume = 	 {24},
	number = 	 {7},
	pages = 		 {783-786},
	OPTmonth = 		 {Apr},
	OPTnote = 		 {\\ {\bf SP}},
	OPTannote = 	 {}
}

@Article{KSL99,
	author =			 {Klein, S.A. and Soden, B.J. and Lau, N.C.},
	title =				 {{Remote sea surface temperature variations during
                  ENSO: Evidence for a tropical atmospheric bridge}},
	journal =			 joc,
	year =				 {1999},
	volume =			 {12},
	number =			 {4},
	pages =				 {917-932},
	OPTmonth =				 {April}
	,OPTnote =				 {\\ {\bf SP}}
}

@Article{KV96,
	author = 			 {Ko, K.C. and Vincent, D.G.},
	title = 			 {{Behavior of one to two week summertime subtropical wind maxima over the South Pacific during an ENSO cycle}},
	journal = 		 joc,
	year = 				 {1996},
	OPTkey = 			 {},
	volume = 	 {9},
	number = 	 {1},
	pages = 		 {5-16},
	OPTmonth = 		 {},
	OPTnote = 		 {},
	OPTannote = 	 {}
}

@Article{KW92,
	author = 			 {Kiladis, G.N. and Weickmann, K.M.},
	title = 			 {{Extratropical forcing of tropical Pacific convection during northern winter}},
	journal = 		 mwr,
	year = 				 {1992},
	OPTkey = 			 {},
	volume = 	 {120},
	OPTnumber = 	 {},
	pages = 		 {1924-1938},
	OPTmonth = 		 {}
	,OPTnote = 		 {}
}

@Article{Kha95,
	author = 			 {Kharin, V.V.},
	title = 			 {{The relationship between sea-surface temperature anomalies and atmospheric circulation in GCM experiments}},
	journal = 		 cd,
	year = 				 {1995},
	OPTkey = 			 {},
	volume = 	 {11},
	number = 	 {6},
	pages = 		 {359-375},
	OPTmonth = 		 {Aug},
	OPTnote = 		 {\\ {\bf SP}},
	OPTannote = 	 {}
}

@Article{LAB+98,
	author = 			 {Latif, M. and D. Anderson and T. Barnett and M. Cane and R. Kleeman and A. Leetma and J. O'Brien and A. Rosati and E. Schneider},
	title = 			 {{A review of the predictability and prediction of ENSO}},
	journal = 		 jgr,
	year = 				 {1998},
	OPTkey = 			 {},
	volume = 	 {103},
	number = 	 {C7},
	pages = 		 {14375-14313},
	OPTmonth = 		 {June},
	OPTnote = 		 {\\ {\bf SP}}
}

@TechReport{LB94,
	author = 			 {Levitus, S. and Boyer, T.P.},
	title = 			 {World Ocean Atlas 1994, Volume 4: Temperature},
	institution =  {NOAA/NESDIS},
	year = 				 {1994},
	OPTkey = 			 {},
	OPTtype = 		 {},
	number = 	 {E/OC21},
  pages  =   {117},
	address = 	 {US Department of Commerse, Washington, DC},
	OPTmonth = 		 {},
	OPTnote = 		 {},
	OPTannote = 	 {}
}

@Article{LB95,
	author = 			 {Latif, M. and Barnett, T.P.},
	title = 			 {Interactions of the Tropical Oceans},
	journal = 		 joc,
	year = 				 {1995},
	OPTkey = 			 {},
	volume = 	 {8},
	number = 	 {4},
	pages = 		 {952-968},
	OPTmonth = 		 {},
	OPTnote = 		 {\\ {\bf SP}}
}

@TechReport{LBB94,
	author = 			 {Levitus, S. and Burgett, R. and Boyer, T.P.},
	title = 			 {World Ocean Atlas 1994, Volume 3: Salinity},
	institution =  {NOAA/NESDIS},
	year = 				 {1994},
	OPTkey = 			 {},
	OPTtype = 		 {},
	number = 	 {E/OC21},
  pages  =   {99},
	address = 	 {US Department of Commerse, Washington, DC},
	OPTmonth = 		 {},
	OPTnote = 		 {},
	OPTannote = 	 {}
}

@Article{LN87,
	author = 			 {Lindzen, R.S. and Nigam, S.},
	title = 			 {On the role of sea-surface temperature-gradients in forcing low-level winds and convergence in the tropics},
	journal = 		 jas,
	year = 				 {1987},
	OPTkey = 			 {},
	volume = 	 {44},
	number = 	 {17},
	pages = 		 {2418-2436},
	OPTmonth = 		 {Sep},
	OPTnote = 		 {\\ {\bf Ph}}
}

@Article{LN94,
	author =			 {Lau, N-C and Nath, M.J.},
	title =				 {{A modelling study of the relative roles of tropical
                  and extratropical SST anomalies in the variability
                  of the global atmosphere-ocean system}},
	journal =			 joc,
	year =				 {1994},
	OPTkey =			 {},
	volume =			 {7},
	OPTnumber =		 {},
	pages =		 {1184-1207},
	OPTmonth =		 {}
	,OPTnote =				 {\\ {\bf SP}}
}

@Article{LN96,
	author =			 {Lau, N-C and Nath, M.J.},
	title =				 {{The Role of the ``Atmospheric Bridge" in Linking
                  Tropical Pacific ENSO Events to Extratropical SST
                  Anomalies}},
	journal =			 joc,
	year =				 {1996},
  pages =        {2036-2057},
  volume =       {9},
  OPTmonth =        {Sept}
	,OPTnote =				 {\\ {\bf SP}}
}

@Article{LSA+01,
	author = 			 {Latif, M. and Sperber, K. and Arblaster, J. and Braconnot, P. and Chen, D. and Colman, A. and Cubasch, U. and Cooper, C. and Delecluse, P. and DeWitt, D. and Fairhead, L. and Flato, G. and Hogan, T. and Ji, M. and Kimoto, M. and Kitoh, A. and Knutson, T. and Le Treut, H. and Li, T. and Manabe, S. and Marti, O. and Mechoso, C. and Meehl, G. and Power, S. and Roeckner, E. and Sirven, J. and Terray, L. and Vintzileos, A. and Voss, R. and Wang, B. and Washington, W. and Yoshikawa, I. and Yu, J. and Zebiak, S.},
	title = 			 {{ENSIP: the \elnino\ simulation intercomparison project}},
	journal = 		 cd,
	year = 				 {2001},
	OPTkey = 			 {},
	volume = 	 {18},
	number = 	 {3-4},
	pages = 		 {255-276},
	OPTmonth = 		 {Dec},
	OPTnote = 		 {\\ {\bf SP}},
	OPTannote = 	 {}
}

@Misc{MB02,
	key = 			 {Interim report on the special project},
	author = 	 {Molteni, F. and Brankovic, C.},
	title = 		 {{Nonlinear aspects of the systematic error of the ECMWF coupled model (NASEC)}},
	OPThowpublished = {},
	OPTmonth = 		 {},
	year = 		 {2002},
	note = 		 {ECMWF interim report. 7 pages. In collaboration with Laura Ferranti},
	OPTannote = 	 {}
}

@Article{MBC+98,
	author =			 {McPhaden, M.J. and Busalach, A.J. and Cheney, R. and  Donguy, J.R. and Gage, K.S. and Halpern, D. and  Ji, M. and Julian, P. and Meyers, G. and Mitchum,  G.T. and Niiler, P.P. and Picaut, J. and Reynolds,  R.W. and Smith, N. and Takeuchi, K.},
	title =				 {{The tropical ocean, global atmosphere (TOGA)
                  observing system: a decade of progress}},
	journal =			 jgr,
	year =				 {1998},
	volume =			 {103},
	pages =				 {14,169-14,240}
	,OPTnote =				 {\\ {\bf Ph}}
}

@TechReport{MF00,
	author = 			 {Molteni, F. and Ferranti, L.},
	title = 			 {{Non-linear aspects of the systematic errors of the ECMWF Coupled model}},
	institution =  {ECMWF},
	year = 				 {2000},
	OPTkey = 			 {},
	OPTtype = 		 {},
	OPTnumber = 	 {},
	OPTaddress = 	 {},
	OPTmonth = 		 {}
	,OPTnote = 		 {\\ {\bf SP}}
}

@Article{MH00,
	author = 			 {Marshall, G. and Harangozo, S.A.},
	title = 			 {{An appraisal of NCEP/NCAR reanalysis MSLP data viability
for climate studies in the South Pacific}},
	journal = 		 grl,
	year = 				 {2000},
	OPTkey = 			 {},
	volume = 	 {27},
	number = 	 {29},
	pages = 		 {3057-3060},
	OPTmonth = 		 {},
	OPTnote = 		 {},
	OPTannote = 	 {}
}

@Article{MM93,
	author = 			 {Marshall, J. and Molteni, F.},
	title = 			 {Toward a Dynamical Understanding of  Planetary-Scale Flow Regimes},
	journal = 		 jas,
	year = 				 {1993},
	OPTkey = 			 {},
	volume = 	 {50},
	number = 	 {12},
	pages = 		 {1792 -1818},
	OPTmonth = 		 {},
	OPTnote = 		 {\\ {\bf M}}
}

@Article{MRL98,
	author =			 {Montroy, D.L. and Richman, M.B. and Lamb, P.J.},
	title =				 {{Observed nonlinearities of monthly teleconnections
                  between tropical Pacific sea surface temperature
                  anomalies and central and eastern North American
                  precipitation}},
	journal =			 joc,
	year =				 {1998},
	volume =			 {11},
	number =			 {7},
	pages =				 {1812-1835},
	OPTmonth =				 {July}
	,OPTnote =				 {}
}

@Article{MW96,
	author =			 {Mitchell, T.P. and Wallace, J.M.},
	title =				 {{ENSO seasonality: 1950-78 versus 1979-92}},
	journal =			 joc,
	year =				 {1996},
	OPTkey =			 {},
	volume =			 {9},
	OPTnumber =		 {},
	pages =		 {3149-3161},
	OPTmonth =		 {}
	,OPTnote =				 {}
}

@Article{MY99,
	author =			 {McPhaden, M.J. and Yu, X},
	title =				 {Equatorial waves and the 1997-98 \elnino },
	journal =			 grl,
	year =				 {1999},
	volume =			 {26},
	number =			 {19},
	pages =				 {2961-2964},
	OPTmonth =				 {October}
	,OPTnote =				 {\\ {\bf Ph}}
}

@Article{Mag93,
	author = 			 {Magana, V.},
	title = 			 {{The 40 and 50 day oscillations in atmospheric angular momentum at various latitudes}},
	journal = 		 jgr,
	year = 				 {1993},
	OPTkey = 			 {},
	volume = 	 {98},
	number = 	 {D6},
	pages = 		 {10441-10450},
	OPTmonth = 		 {June},
	OPTnote = 		 {\\ {\bf Ph}}
}

@Article{Mat04,
	author = 			 {Matthews, A.},
	title = 			 {{Intraseasonal variability over tropical Africa during northern summer}},
	journal = 		 joc,
	year = 				 {2004},
	OPTkey = 			 {},
	volume = 	 {in press},
	OPTnumber = 	 {},
	OPTpages = 		 {},
	OPTmonth = 		 {},
	OPTnote = 		 {\\ {\bf TT}},
	OPTannote = 	 {}
}

@Article{Mat66,
	author = 			 {Matsuno, T.},
	title = 			 {Quasi-geostrophic motions in the equatorial area},
	journal = 		 jmsj,
	year = 				 {1966},
	OPTkey = 			 {},
	volume = 	 {44},
	number = 	 {1},
	pages = 		 {25-42},
	OPTmonth = 		 {},
	OPTnote = 		 {\\ {\bf Ph}}
}

@PhdThesis{Mat93,
	author = 			 {Mathews, A.J.},
	title = 			 {{The Intraseasonal Oscillation}},
	school = 			 {University of Reading, Department of Meteorology},
	year = 				 {1993},
	OPTkey = 			 {},
	OPTtype = 		 {},
	OPTaddress = 	 {},
	OPTmonth = 		 {December}
	,OPTnote = 		 {\\ {\bf M}}
}

@Article{McP99,
	author =			 {McPhaden, M.J.},
	title =				 {{Genesis and evolution of the 1997-98 \elnino }},
	journal =			 {Science},
	year =				 {1999},
	volume =			 {283},
	pages =				 {950-954}
	,OPTnote =				 {\\ {\bf Ph}}
}

@Article{NCEP,
	author = 			 {Kalnay, E. and M. Kanamitsu and R. Kistler and W. Collins and D. Deaven and L. Gandin and M. Iredell and S. Saha and G. White and J. Woollen and Y. Zhu and A. Leetmaa and B. Reynolds and M. Chelliah and W. Ebisuzaki and W. Higgins and J. Janowiak and K.C. Mo and C. Ropelewski and J. Wang and Roy Jenne and Dennis Joseph},
	title = 			 {{The NCEP/NCAR Reanalysis 40-year Project}},
	journal = 		 bams,
	year = 				 {1996},
	OPTkey = 			 {},
	volume = 	 {77},
	OPTnumber = 	 {},
	pages = 		 {437-471},
	OPTmonth = 		 {},
  note = {Web site http://www.cdc.noaa.gov}
	,OPTnote = 		 {\\ {\bf G}}
}

@Article{NH01a,
	author = 			 {Neale, R.B. and Hoskins, B.J.},
	title = 			 {{A standard test for AGCMs including their physical parameterisations. I The proposal}},
	journal = 		 asl,
	year = 				 {2001},
	OPTkey = 			 {},
	volume = 	 {1},
	number = 	 {2},
	pages = 		 {101-107},
	OPTmonth = 		 {},
	OPTnote = 		 {\\ {\bf Mo}}
}

@Article{NH01b,
	author = 			 {R.B. Neale and B.J. Hoskins},
	title = 			 {{A standard test for AGCMs including their physical parameterisations. II Results for the Met. Office Model}},
	journal = 		 asl,
	year = 				 {2001},
	OPTkey = 			 {},
	volume = 	 {1},
	number = 	 {2},
	pages = 		 {108-114},
	OPTmonth = 		 {},
	OPTnote = 		 {\\ {\bf Mo}}
}

@Article{NJS00,
	author = 			 {Neelin, J.D. and Fei-Fei Jin and Hsin-Hsin Syu},
	title = 			 {{Variations in ENSO Phase Locking}},
	journal = 		 joc,
	year = 				 {2000},
	OPTkey = 			 {},
	volume = 	 {13},
	OPTnumber = 	 {},
	pages = 		 {2570-2590},
	OPTmonth = 		 {July}
	,OPTnote = 		 {\\ {\bf SP}}
}

@Article{NS03,
	author = 			 {Neale, R.B. and Slingo, J. M.},
	title = 			 {{The Maritime Continent and its role in the global climate: A GCM study.}},
	journal = 		 joc,
	year = 				 {2003},
  volume =       {16},
  number =       {5},
  pages =        {834-848},
	OPTnote = 		 {}
}

@Article{NSB00,
	author = 			 {Newman, M and Sardeshmukh, P.D. and Bergman, J.W.},
	title = 			 {{An assessment of the NCEP, NASA, and
     ECMWF reanalyses over the tropical West Pacific warm pool}},
	journal = 		 bams,
	year = 				 {2000},
	OPTkey = 			 {},
	volume = 	 {81},
	number = 	 {1},
	pages = 		 {41-48},
	OPTmonth = 		 {},
	OPTnote = 		 {}
}

@Article{NWM99,
	author =			 {Navarra, A. and Ward, M.N. and Miyakoda, K.},
	title =				 {{Tropical-wide teleconnection and oscillation. I:
                  Teleconnection indices and type I/type II states}},
	journal =			 qjrms,
	year =				 {1999},
	volume =			 {125},
	number =			 {560},
	pages =				 {2909-2935},
	OPTmonth =				 {October}
	,OPTnote =				 {\\ {\bf SP}}
}

@Misc{Nat00,
	author =			 {{http://www.pmel.noaa.gov/tao/elnino/nino-home.html}},
	title =				 {\elnino\ Theme Page},
	howpublished = {{National Oceanic and Atmospheric Administration, US
                  Department of Commerce}},
	year =				 {2002}
	,OPTnote =				 {}
}

@Misc{Nat96,
	OPTkey = 			 {},
	author = 	 {{National Research Council}},
	title = 		 {{Accomplishments and Legacies of the TOGA Program}},
	howpublished = {National Academy Press, Washington, DC},
	OPTmonth = 		 {},
	year = 		 {1996}
	,OPTnote = 		 {}
}

@PhdThesis{Nea99,
	author = 			 {Richard B. Neale},
	title = 			 {A study of the tropical response in an idealised global circulation model},
	school = 			 {Meteorology},
	year = 				 {1999},
	OPTkey = 			 {},
	type = 		 {PhD thesis},
	address = 	 {University of Reading, Earley Gate, PO Box 243, Reading, RG6 6BB, UK},
	month = 		 {May},
	OPTnote = 		 {}
}

@Article{Orl98,
	author = 			 {Orlanski, I.},
	title = 			 {Poleward deflection of storm tracks},
	journal = 		 jas,
	year = 				 {1998},
	OPTkey = 			 {},
	volume = 	 {55},
	number = 	 {16},
	pages = 		 {2577-2602},
	OPTmonth = 		 {Aug},
	OPTnote = 		 {\\ {\bf ET}}
}

@Article{PA94,
	author = 			 {Palmer, T.N. and Anderson, D.L.T.},
	title = 			 {The Prospects For Seasonal Forecasting - A Review Paper},
	journal = 		 qjrms,
	year = 				 {1994},
	OPTkey = 			 {},
	volume = 	 {120},
	number = 	 {518},
	pages = 		 {755-793},
	OPTmonth = 		 {Jul},
	OPTnote = 		 {\\ {\bf SP}}
}

@Article{PBBM88,
	author = 			{Pitcher, E.J. and Blackmon, M.L. and Bates, G.T. and Munoz, S},
	title = 			 {The Effect Of North Pacific Sea-Surface Temperature Anomalies On The January Climate Of A General-Circulation Model},
	journal = 		 jas,
	year = 				 {1988},
	OPTkey = 			 {},
	volume = 	 {45},
	number = 	 {2},
	pages = 		 {173-188},
	OPTmonth = 		 {Jan},
	OPTnote = 		 {\\ {\bf SP}},
	OPTannote = 	 {}
}

@Article{PFJ95,
	author = 			 {Parker, D. E. and Folland, C. K.  and Jackson, M.},
	title = 			 {Marine surface temperature: observed variations and data requirements},
	journal = 		 {Climatic Change},
	year = 				 {1995},
	OPTkey = 			 {},
	volume = 	 {31},
	OPTnumber = 	 {},
	pages = 		 {559-600},
	OPTmonth = 		 {},
	OPTnote = 		 {}
}

@Article{PKBG00,
	author = 			 {Peng, P. and Kumar, A. and Barnston, A.G. and Goddard, L.},
	title = 			 {{Simulation skills of the SST-forced global climate variability of the NCEP-MRF9 and the SCRIPPS-MPI ECHAM3 models}},
	journal = 		 joc,
	year = 				 {2000},
	OPTkey = 			 {},
	volume = 	 {13},
	OPTnumber = 	 {},
	pages = 		 {3657-3679},
	OPTmonth = 		 {October},
	OPTnote = 		 {\\ {\bf Mo}}
}

@Article{PO83,
	author = 			 {Pan, Y.H. and Oort, A.H.},
	title = 			 {{Global climate variations connected with sea-surface temperature anomalies in the eastern equatorial Pacific-Ocean for the 1958-73 Period}},
	journal = 		 mwr,
	year = 				 {1983},
	OPTkey = 			 {},
	volume = 	 {111},
	number = 	 {6},
	pages = 		 {1244-1258},
	OPTmonth = 		 {}
	,OPTnote = 		 {}
}

@Article{PO90,
	author =			 {Pan, Y.H. and Oort, A.H.},
	title =				 {{Correlation analyses between SST anomalies in the
                  E. equatorial Pacific and the world Ocean}},
	journal =			 cd,
	year =				 {1990},
	OPTkey =			 {},
	volume =			 {4},
	OPTnumber =		 {},
	pages =		 {191-205},
	OPTmonth =		 {}
	,OPTnote =				 {\\ {\bf SP}}
}

@Article{PS02,
	author = 			 {Pope, V.D. and Stratton, R.A.},
	title = 			 {The processes governing horizontal resolution sensitivity in a climate model},
	journal = 		 cd,
	year = 				 {2002},
	OPTkey = 			 {},
	volume = 	 {19},
	number = 	 {3-4},
	pages = 		 {211-236},
	OPTmonth = 		 {},
	OPTnote = 		 {\\ {\bf Mo}}
}

@Article{Pal02,
	author = 			 {Palmer, T.N.},
	title = 			 {The economic value of ensemble forecasts as a tool for risk assessment: From days to decades},
	journal = 		 qjrms,
	year = 				 {2002},
	OPTkey = 			 {},
	volume = 	 {128},
	number = 	 {581},
	pages = 		 {747-774},
	OPTmonth = 		 {Apr},
	OPTnote = 		 {\\ {\bf AS}}
}

@MastersThesis{Per99,
	author = 			 {Ruth Perella},
	title = 			 {{The dynamics of \elnino}},
	school = 			 {Department of Meteorology},
	year = 				 {1999},
	OPTkey = 			 {},
	OPTtype = 		 {},
	address = 	 {Reading University, UK},
	OPTmonth = 		 {August},
	OPTnote = 		 {}
}

@Book{Phi90,
	author =			 {Philander, S.G.},
	title =				 {\elnino, \lanina\ and the {S}outhern {O}scillation},
	publisher =		 {Academic Press},
	year =				 {1990}
	,OPTnote =				 {}
}

@Article{RBG+04,
	author = 			 {Roberts, M.J. and Banks, H. and Gedney, N. and Gregory, J. and Hill, R. and Mullerworth, S. and Pardaens, A. and Rickard, G. and Thorpe, R. and Wood, R.},
	title = 			 {Impact of an Eddy-Permitting Ocean Resolution on Control and Climate Change Simulations with a Global Coupled {GCM}},
	journal = 		 joc,
	year = 				 {2004},
	OPTkey = 			 {},
	volume = 	 {17},
	number = 	 {1},
	pages = 		 {3-20},
	OPTmonth = 		 {},
	OPTnote = 		 {},
	OPTannote = 	 {}
}

@Article{RC82,
	author =			 {Rasmusson, E.M. and Carpenter, T.H.},
	title =				 {{Variations in sea surface temperature and surface
                  wind fields associated with the Southern
                  Oscillation/\elnino }},
	journal =			 mwr,
	year =				 {1982},
	volume =			 {110},
  pages =        {354-384}
	,OPTnote =				 {\\ {\bf SP}}
}

@Article{RF01,
	author = 			 {Rodwell, M.J. and Folland, C.K.},
	title = 			 {Atlantic air-sea interaction and seasonal predictability},
	journal = 		 qjrms,
	year = 				 {2001},
	OPTkey = 			 {},
	volume = 	 {127},
	OPTnumber = 	 {},
	pages = 		 {1-33},
	OPTmonth = 		 {},
	OPTnote = 		 {}
}

@Article{RF02,
	author = 			 {Rodwell, M.J. and Folland, C.K.},
	title = 			 {Atlantic air-sea interaction and seasonal predictability},
	journal = 		 qjrms,
	year = 				 {2002},
	OPTkey = 			 {},
	volume = 	 {128},
	number = 	 {583},
	pages = 		 {1413-1443},
	OPTmonth = 		 {},
	OPTnote = 		 {\\ {\bf NA}}
}

@Article{RFMW95,
	author	=	{Rowell, D.P. and Folland, C.K. and Maskell, K. and Ward, M.N.},
	title 	=	{{Variability of summer rainfall over tropical North Africa (1906-99). Observations and modelling.}},
	journal	=	qjrms,
	year	=	{1995},
	OPTkey	=	{},
	volume	=	{121},
	OPTnumber	=	{},
	pages	=	{669-704},
	OPTmonth	=	{},
	OPTnote	=	{\\ {\bf SP}}
}

@Article{RH01,
	author = 			 {Rodwell, M.J. and Hoskins, B.J.},
	title = 			 {Subtropical anticyclones and summer monsoons},
	journal = 		 joc,
	year = 				 {2001},
	OPTkey = 			 {},
	volume = 	 {14},
	number = 	 {15},
	pages = 		 {3192-3211},
	OPTmonth = 		 {\\ {\bf Ph}}
}

@Article{RH96,
	author = 			 {Rodwell, M.J. and Hoskins, B.J.},
	title = 			 {Monsoons and the dynamics of deserts},
	journal = 		 qjrms,
	year = 				 {1996},
	OPTkey = 			 {},
	volume = 	 {122},
	number = 	 {534},
	pages = 		 {1385-1404},
	OPTmonth = 		 {Jul},
	OPTnote = 		 {\\ {\bf Ph}}
}

@Article{RM93,
	author = 			 {Rasmusson, E.M. and Mo, K},
	title = 			 {Linkages between 200-mb Tropical and Extratropical Circulation Anomalies during the 1986-1989 {ENSO} Cycle},
	journal = 		 joc,
	year = 				 {1993},
	OPTkey = 			 {},
	volume = 	 {6},
	number = 	 {4},
	pages = 		 {595-616},
	OPTmonth = 		 {April},
	OPTnote = 		 {\\ {\bf SP}}
}

@Article{RRF98,
	author = 			 {Renshaw, A.C. and Rowell, D.P. and Folland, C.K.},
	title = 			 {{Wintertime low-frequency weather variability in the North Pacific-American sector 1949-93}},
	journal = 		 joc,
	year = 				 {1998},
	volume = 	 {11},
	pages = 		 {1073-1091},
	OPTmonth = 		 {May},
	OPTnote = 		 {\\ {\bf SP}}
}

@Article{RS83,
	author = 			 {Rosen, R.D. and D.A. Salstein},
	title = 			 {{Variations in atmospheric angular momentun on global and regional scales and the length of day}},
	journal = 		 jgr,
	year = 				 {1983},
	OPTkey = 			 {},
	volume = 	 {88},
	number = 	 {C9},
	pages = 		 {5451-5470},
	OPTmonth = 		 {June},
	OPTnote = 		 {\\ {\bf Ph}}
}

@Article{Row98,
	author = 			 {Rowell, D.P.},
	title = 			 {{Assessing potential seasonal predictability with an ensemble of multidecadal GCM simulations}},
	journal = 		 joc,
	year = 				 {1998},
	OPTkey = 			 {},
	volume = 	 {11},
	OPTnumber = 	 {},
	pages = 		 {109-120},
	OPTmonth = 		 {February},
	OPTnote = 		 {\\ {\bf SP}}
}

@Article{SA00,
	author = 			 {Slingo, J.M. and Annamalai, H.},
	title = 			 {{1997: The \elnino\ of the century and the response of the Indian summer monsoon}},
	journal = 		 mwr,
	year = 				 {2000},
	OPTkey = 			 {},
	volume = 	 {128},
	number = 	 {6},
	pages = 		 {1778-1797 },
	OPTmonth = 		 {Jun},
	OPTnote = 		 {},
	OPTannote = 	 {\\ {\bf IM}}
}

@Article{SBF00,
	author = 			 {Sickmoller, M. and Blender, R. and Fraedrich, K.},
	title = 			 {Observed winter cyclone tracks in the northern hemisphere in re-analysed {ECMWF} data},
	journal = 		 qjrms,
	year = 				 {2000},
	OPTkey = 			 {},
	volume = 	 {126},
	number = 	 {563},
	pages = 		 {591-620},
	OPTmonth = 		 {Jan},
	OPTnote = 		 {\\ {\bf ET}}
}

@Article{SCP00,
	author = 			 {Sardeshmukh, P.D. and Compo, G.P. and Penland, C.},
	title = 			 {{Changes in probability associated with \elnino}},
	journal = 		 joc,
	year = 				 {2000},
	OPTkey = 			 {},
	volume = 	 {13},
	OPTnumber = 	 {},
	pages = 		 {4268-4286},
	OPTmonth = 		 {December},
	OPTnote = 		 {\\ {\bf SP}}
}

 @Article{Kov00,
	author = 			 {Kovats, R.S.},
	title = 			 {{\elnino\ and human health}},
	journal = 		 bwho,
	year = 				 {2000},
	OPTkey = 			 {},
	volume = 	 {78},
	number = 	 {9},
	pages = 		 {1127-1135},
	OPTmonth = 		 {},
	OPTnote = 		 {\\ {\bf AS}}
}

@Article{SD00,
	author =			 {Shin, N and Deng, Z.W.},
	title =				 {{Space/time features of the secular variation in
                  1951-1998 northern 500-hPa height}},
	journal =			 {Meteorology and Atmospheric Physics},
	year =				 {2000},
	volume =			 {73},
	number =			 {1-2},
	pages =				 {35-46}
	,OPTnote =				 {\\ {\bf NA}}
}

@Article{SH88,
	author = 			 {Sardeshmukh, P.D. and Hoskins, B.J.},
	title = 			 {The Generation Of Global Rotational Flow By Steady Idealized Tropical Divergence},
	journal = 		 jas,
	year = 				 {1988},
	OPTkey = 			 {},
	volume = 	 {45},
	number = 	 {7},
	pages = 		 {1228-1251},
	OPTmonth = 		 {April},
	OPTnote = 		 {\\ {\bf Ph}},
OPTdoi = {10.1175/1520-0469(1988)045<1228:TGOGRF>2.0.CO;2},
URL = {https://doi.org/10.1175/1520-0469(1988)045<1228:TGOGRF>2.0.CO;2},
OPTeprint = {https://doi.org/10.1175/1520-0469(1988)045<1228:TGOGRF>2.0.CO;2}
}

@Article{SM02,
	author = 			 {Solman, S.A. and Menendez, C.G.},
	title = 			 {{ENSO-related variability of the Southern Hemisphere winter storm track over the eastern Pacific-Atlantic sector}},
	journal = 		 jas,
	year = 				 {2002},
	OPTkey = 			 {},
	volume = 	 {59},
	number = 	 {13},
	pages = 		 {2128-2140},
	OPTmonth = 		 {Jul},
	OPTnote = 		 {\\ {\bf SP} not photocopied}
}

@Article{SP96,
	author = 			 {Solow, A.R. and Patwardhan, A.},
	title = 			 {{Extracting a Smooth Trend from a Time Series: A
                  Modification of Singular Spectrum Analysis}},
	journal = 		 joc,
	year = 				 {1996},
	OPTkey = 			 {},
	volume = 	 {9},
	OPTnumber = 	 {},
	pages = 		 {2163-2166},
	OPTmonth = 		 {September}
	,OPTnote = 		 {}
}

@Article{SP96b,
	author = 			 {Sperber, K.R. and Palmer, T.N.},
	title = 			 {{Interannual tropical rainfall variability in general circulation model simulations associated with the atmospheric model intercomparison project}},
	journal = 		 joc,
	year = 				 {1996},
	OPTkey = 			 {},
	volume = 	 {9},
	number = 	 {11},
	pages = 		 {2727-2750},
	OPTmonth = 		 {Nov},
	OPTnote = 		 {}
}

@Article{SPS+00,
	author = 			 {Shukla, J. and Paolino, D.A. and Straus, D.M. and de Witt, D. and Fennessy, M. and Kinter, J.L. and Marx, L. and Mo, R.},
	title = 			 {{Dynamical seasonal predictions with the COLA atmospheric model}},
	journal = 		 qjrms,
	year = 				 {2000},
	OPTkey = 			 {},
	volume = 	 {126},
	OPTnumber = 	 {},
	pages = 		 {2265-2299},
	OPTmonth = 		 {},
	OPTnote = 		 {\\ {\bf SP}}
}

@Article{SR95,
	author = 			 {Stephenson, D.B. and Royer, J.F.},
	title = 			 {{GCM simulation of the Southern Oscillation from 1979-88}},
	journal = 		 cd,
	year = 				 {1995},
	OPTkey = 			 {},
	volume = 	 {11},
	OPTnumber = 	 {},
	pages = 		 {115-128},
	OPTmonth = 		 {},
	OPTnote = 		 {}
}

@Article{SRF+01,
	author = 			 {Sexton, D.M.H. and Rowell, D.P. and Folland, C.K.},
	title = 			 {{Detection of anthropogenic climate change using an atmospheric GCM}},
	journal = 		 cd,
	year = 				 {2001},
	OPTkey = 			 {},
	volume = 	 {17},
	number = 	 {9},
	pages = 		 {669-685},
	OPTmonth = 		 {June},
	OPTnote = 		 {\\ {\bf G}}
}

@Article{SS00,
	author = 			 {Straus, D.M. and Shukla, J.},
	title = 			 {{Distinguishing between the SST-forced variability and internal variability in mid latitudes: analysis of observations and GCM simulations}},
	journal = 		 qjrms,
	year = 				 {2000},
	OPTkey = 			 {},
	volume = 	 {126},
	OPTnumber = 	 {},
	pages = 		 {2323-2350},
	OPTmonth = 		 {},
	OPTnote = 		 {\\ {\bf SP}}
}

@Article{SS03,
	author = 			 {Spencer, Hilary and Slingo, J.M.},
	title = 			 {{The simulation of peak and delayed ENSO teleconnections}},
	journal = 		 joc,
	year = 				 {2003},
	OPTkey = 			 {},
	volume = 	 {16},
	number = 	 {11},
	pages = 		 {1757-1774},
	OPTmonth = 		 {},
	OPTnote = 		 {\\ {\bf SP}}
}

@Article{SS88,
	author = 			 {Suarez, M.J. and Schopf, P.S.},
	title = 			 {{A delayed	action oscillator for ENSO}},
	journal = 		 jas,
	year = 				 {1988},
	OPTkey = 			 {},
	volume = 	 {45},
	number = 	 {21},
	pages = 		 {3283-3287},
	OPTmonth = 		 {},
	OPTnote = 		 {\\ {\bf Ph}}
}

@Article{SS97,
	author = 			 {Straus, D.M. and Shukla, J.},
	title = 			 {Variations of midlatitude transient dynamics associated with {ENSO}},
	journal = 		 jas,
	year = 				 {1997},
	OPTkey = 			 {},
	volume = 	 {54},
	number = 	 {7},
	pages = 		 {777-790},
	OPTmonth = 		 {Apr},
	OPTnote = 		 {\\ {\bf ET}}
}

@Article{SSA00,
	author = 			 {Sperber, K.R. and Slingo, J.M. and Annamalai, H},
	title = 			 {Predictability and the relationship between subseasonal and interannual variability during the {Asian} summer monsoon},
	journal = 		 qjrms,
	year = 				 {2000},
	OPTkey = 			 {},
	volume = 	 {126},
	number = 	 {568},
	pages = 		 {2545-2574},
	OPTmonth = 		 {Jul},
	OPTnote = 		 {}
}

@Article{SSB+96,
	author = 			 {Slingo, J.M. and Sperber, K.R. and Boyle, J.S. and Ceron, J.-P. and Dix, M. and Dugas, B. and Ebisuzaki, W. and Fyfe, J. and Gregory, D. and Gueremy, J.-F. and Hack, J. and Harzallah, A. and Inness, P. and Kitoh, A. and Lau, W.K.-M. and McAvaney, B. and Madden, R. and Matthews, A. and Palmer, T.N. and Park, C.-K. and Randall, D. and Renno, N.},
	title = 			 {{Intraseasonal oscillations in 15 atmospheric general circulation models: results from an AMIP diagnostic subproject}},
	journal = 		 cd,
	year = 				 {1996},
	OPTkey = 			 {},
	volume = 	 {12},
	OPTnumber = 	 {},
	pages = 		 {325-357},
	OPTmonth = 		 {},
	OPTnote = 		 {\\ {\bf TT}},
	OPTannote = 	 {}
}

@Article{SSD04,
	author = 			 {Spencer, Hilary and Slingo, J.M. and Davey, M.},
	title = 			 {{Seasonal predictability of ENSO teleconnections: the role of the remote ocean response}},
	journal = 				 cd,
	OPTkey = 			 {},
	volume = 	 {22},
	number = 	 {4},
	pages = 		 {511-526},
	OPTmonth = 		 {},
	year = 		 {2004},
	OPTannote = 	 {}
}

@Article{Sim82,
	author = 			 {Simmons, A.J.},
	title = 			 {The forcing of stationary wave motion by tropical diabatic heating},
	journal = 		 qjrms,
	year = 				 {1982},
	OPTkey = 			 {},
	volume = 	 {108},
	number = 	 {457},
	pages = 		 {503-534},
	OPTmonth = 		 {},
	OPTnote = 		 {}
}

@Article{Sli98,
	author = 			 {Slingo, J.M.},
	title = 			 {{Extratropical forcing of tropical convection in a northern winter simulation with the UGAMP GCM}},
	journal = 		 qjrms,
	year = 				 {1998},
	OPTkey = 			 {},
	volume = 	 {124},
	OPTnumber = 	 {124},
	pages = 		 {27-51},
	OPTmonth = 		 {}
	,OPTnote = 		 {\\ {\bf TT}}
}

@Article{Sod97,
	author = 			 {Soden, B.J.},
	title = 			 {{Variations in the tropical greenhouse effect during \elnino}},
	journal = 		 joc,
	year = 				 {1997},
	OPTkey = 			 {},
	volume = 	 {10},
	number = 	 {5},
	pages = 		 {1050-1055},
	OPTmonth = 		 {May},
	OPTnote = 		 {\\ {\bf G}},
	OPTannote = 	 {}
}

@Unpublished{Spe00a,
	author = 			 {Spencer, Hilary},
	year = 		 {2000},
	OPTmonth = 		 {May},
	title = 			 {{Analysis of the \elnino /\lanina\ Cycle using the GISST data set}},
	OPTkey = 			 {},
	OPTnote = 				 {Meteorology Department, University of Reading, internal report}
}

@Unpublished{Spe00b,
	author = 			 {Spencer, Hilary},
	year = 		 {2000},
	OPTmonth = 		 {Sept},
	title = 			 {{A Simulation of \elnino\ and non-\elnino\ Perpetual Januaries}},
	OPTkey = 			 {},
	OPTnote = 				 {Meteorology Department, University of Reading, internal report}
}

@Unpublished{Spe00c,
	author = 			 {Spencer, Hilary},
	year = 		 {2000},
	OPTmonth = 		 {June},
	title = 			 {{First Thesis Committee Report - The Global Effects of \elnino}},
	OPTkey = 			 {},
	OPTnote = 				 {Meteorology Department, University of Reading, internal report}
}

@Unpublished{Spe00d,
	author = 			 {Spencer, Hilary},
	year = 		 {2000},
	OPTmonth = 		 {Dec},
	title = 			 {{Second Thesis Committee Report - The Global Effects of \elnino}},
	OPTkey = 			 {},
	OPTnote = 				 {Meteorology Department, University of Reading, internal report}
}



@Article{TBK+98,
	author =			 {Trenberth, K.E. and Branstator, G.W. and Karoly,
                  D. and Kumar, A. and Lau, N-C and Ropelewski, C},
	title =				 {{Progress during TOGA in understanding and modeling
                  global teleconnections associated with tropical sea
                  surface temperatures}},
	journal =			 jgr,
	year =				 {1998},
	OPTkey =			 {},
	volume =			 {103},
	number =			 {C7},
	pages =				 {14,291-14,324},
	OPTmonth =				 {June}
	,OPTnote =				 {\\ {\bf SP}}
}

@Article{TC01,
	author = 			 {Thomson, M.C. and Connor, S.J.},
	title = 		{The development of malaria early warning systems for {Africa}},
	journal = 		 tp,
	year = 				 {2001},
	OPTkey = 			 {},
	volume = 	 {17},
	number = 	 {9},
	pages = 		 {438-445},
	OPTmonth = 		 {Sep},
	OPTnote = 		 {\\ {\bf AS}}
}

@Article{TLV99,
	author =			 {Timmermann, A. and Latif, M. and Voss, R.},
	title =				 {{Modes of climate variability as simulated by a
                  coupled general circulation model. {P}art I: ENSO-like
                  climate variability and its low-frequency
                  modulation}},
	journal =			 cd,
	year =				 {1999},
	volume =			 {15},
	number =			 {8},
	pages =				 {605-618},
	OPTmonth =				 {August}
	,OPTnote =				 {}
}

@Misc{TOPEX,
	author =			 {{http://topex.wff.nasa.gov}},
	title =				 {WFF TOPEX/Poseidon Web Site, The Ocean Topography Experiment},
	howpublished = {{NASA GSFC/Wallops Flight Facility}},
	year =				 {2002}
	,OPTnote =				 {}
}

@Article{TPM+00,
	author = 			 {Thomson, M.C. and Palmer, T. and Morse, A.P. and Cresswell, M. and Conner, S.J.},
	title = 			 {Forecasting disease risk with seasonal climate predictions},
	journal = 		 {Lancet},
	year = 				 {2000},
	OPTkey = 			 {},
	volume = 	 {355},
	number = 	 {9214},
	pages = 		 {1559-1560},
	OPTmonth = 		 {Apr},
	OPTnote = 		 {\\ {\bf AS}}
}

@Article{Tay01,
	author = 			 {Taylor, K. E.},
	title = 			 {{Summarising multiple aspects of model performance in a single diagram}},
	journal = 		 jgr,
	year = 				 {2001},
	OPTkey = 			 {},
	volume = 	 {106},
	number = 	 {D7},
	pages = 		 {7183-7192},
	OPTmonth = 		 {April},
	OPTnote = 		 {\\ {\bf M}}
}

@Article{Tom01,
	author = 			 {Tompkins, A.},
	title = 			 {On the relationship between tropical convection and sea surface temperature},
	journal = 		 joc,
	year = 				 {2001},
	OPTkey = 			 {},
	volume = 	 {14},
	OPTnumber = 	 {},
	pages = 		 {633-637},
	OPTmonth = 		 {March},
	OPTnote = 		 {\\ {\bf TT}}
}

@Article{VAS+99,
	author = 			 {Venzke, S. and Allen, M.R. and Sutton, R.T. and Rowell, D.P.},
	title = 			 {{The atmospheric response over the North Atlantic to decadal changes in sea surface temperature}},
	journal = 		 joc,
	year = 				 {1999},
	OPTkey = 			 {},
	volume = 	 {12},
	OPTnumber = 	 {},
	pages = 		 {2562-2584},
	OPTmonth = 		 {August},
	OPTnote = 		 {\\ {\bf NA}}
}

@Article{VBH01,
	author = 			 {Vimont, D.J. and Battisti, D.S. and Hirst, A.C.},
	title = 			 {Footprinting: A seasonal connection between the tropics and mid-latitudes},
	journal = 		 grl,
	year = 				 {2001},
	OPTkey = 			 {},
	volume = 	 {28},
	number = 	 {20},
	pages = 		 {3923-3926},
	OPTmonth = 		 {},
	OPTnote = 		 {\\ {\bf SP}}
}

@Article{Vim04,
	author = 			 {Vimont, D.J.},
	title = 			 {The contribution of the interannual ENSO cycle to decadal ENSO-like variability},
	journal = 		 joc,
	year = 				 {2004},
	OPTkey = 			 {},
	volume = 	 {in press},
	OPTnumber = 	 {},
	OPTpages = 		 {},
	OPTmonth = 		 {},
	OPTnote = 		 {\\ {\bf SP}}
}

@Article{VH03,
	author = 			 {Vecchi, G.A. and Harrison, D.E.},
	title = 			 {{On the termination of the 2002-3 \elnino\ event}},
	journal = 		 grl,
	year = 				 {2003},
	OPTkey = 			 {},
	volume = 	 {30},
	number = 	 {18},
	pages = 		 {1964-1967},
	OPTmonth = 		 {},
	OPTnote = 		 {\\ {\bf Ph}},
	OPTannote = 	 {}
}

@TechReport{VLT+00,
	author = 			 {Viviand, J. and S. Lirola and B. Timbal and S. Power and R. Colman},
	title = 			 {{Impact of soil moisture on climate variability and predictability}},
	institution =  {{BMRC}},
	year = 				 {2000},
	OPTkey = 			 {},
	OPTtype = 		 {},
	number = 	 {81},
	address = 	 {Melbourne},
	OPTmonth = 		 {},
	OPTnote = 		 {\\ {\bf LS}}
}

@Article{WF99,
	author = 			 {Wang, Bin and Zhen Fan},
	title = 			 {{Choice of South Asian Summer Monsoon Indices}},
	journal = 		 bams,
	year = 				 {1999},
	OPTkey = 			 {},
	volume = 	 {80},
	number = 	 {4},
	pages = 		 {629-638},
	OPTmonth = 		 {April},
	OPTnote = 		 {\\ {\bf IM}}
}

@Article{WG81,
	author = 			 {Wallace, J.M. and Gutzler, D.S.},
	title = 			 {{Teleconnections in the Geopotential Height Field during the Northern Hemeisphere Winter}},
	journal = 		 mwr,
	year = 				 {1981},
	pages = 		 {784-812},
	OPTnote = 		 {}
}

@Article{WH82,
	author = 			 {Webster, P.J. and Holton, J.R.},
	title = 			 {{Cross equatorial response to middle-latitude forcing in a zonally varying basic state}},
	journal = 		 jas,
	year = 				 {1982},
	OPTkey = 			 {},
	volume = 	 {39},
	OPTnumber = 	 {},
	pages = 		 {722-733},
	OPTmonth = 		 {}
	,OPTnote = 		 {}
}

@Article{WLW+93,
	author = 			 {Woodruff, S.D. and S.J. Lubker and K. Wolter and S.J. Worley and J.D. Elms},
	title = 			 {{Comprehensive Ocean-Atmosphere Data Set (COADS) Release 1a: 1980-92}},
	journal = 		 {Earth System Monitor},
	year = 				 {1993},
	OPTkey = 			 {},
	volume = 	 {4},
	number = 	 {1},
	pages = 		 {1-8},
	OPTmonth = 		 {},
	OPTnote = 		 {},
	OPTannote = 	 {}
}

@Article{WSH01,
	author = 			 {Woolnough, S. and Slingo, J.M. and Hoskins, B.J.},
	title = 			 {The organisation of tropical convection by intraseasonal sea surface temperature anomalies},
	journal = 		 qjrms,
	year = 				 {2001},
	OPTkey = 			 {},
	volume = 	 {127},
	OPTnumber = 	 {},
	pages = 		 {887-907},
	OPTmonth = 		 {},
	OPTnote = 		 {\\ {\bf TT}}
}

@Article{WSJS87,
	author = 			 {Woodruff, S.D. and Slutz, R.J. and Jenne, R.L. and Steurer, P.M.},
	title = 			 {A Comprehensive Ocean-Atmosphere Data Set},
	journal = 		 bams,
	year = 				 {1987},
	OPTkey = 			 {},
	volume = 	 {68},
	number = 	 {10},
	pages = 		 {1239-1239},
	OPTmonth = 		 {},
	OPTnote = 		 {}
}

 @Article{SBH03,
	author = 			 {Schneider, E.K. and Bengtsson, L and Hu, Z-Z},
	title = 			 {Forcing of Northern Hemisphere climate trends},
	journal = 		 jas,
	year = 				 {2003},
	OPTkey = 			 {},
	volume = 	 {60},
	number = 	 {12},
	pages = 		 {1504-1521},
	OPTmonth = 		 {},
	OPTnote = 		 {\\ {\bf SP}},
	OPTannote = 	 {}
}

@InProceedings{Web90,
	author =			 {Webster, P.J.},
	title =				 {{Ocean-Atmosphere Interaction in the Tropics}},
	booktitle =		 {Seminar {P}roceedings - {T}ropical-{E}xtra
                  {T}ropical {I}nteractions},
	year =				 {1990},
	OPTmonth =				 {Sept},
	organization = {ECMWF}
	,OPTnote =				 {\\ {\bf Ph}}
}

@Article{XA96,
	author = 			 {Xie, P.P. and Arkin, P.A.},
	title = 			 {Analyses of Global Monthly Precipitation Using Gauge Observations, Satellite Estimates, and Numerical Model Predictions.},
	journal = 		 joc,
	year = 				 {1996},
	OPTkey = 			 {},
	volume = 	 {9},
	OPTnumber = 	 {4},
	pages = 		 {840 -858},
	OPTmonth = 		 {},
	OPTnote = 		 {\\ {\bf G}}
}

@Article{vLM81a,
	author = 			 {van Loon, H. and Madden, R.A.},
	title = 			 {{The Southern Oscillation, I, Global associations with pressure and temperature in the northern winter}},
	journal = 		 mwr,
	year = 				 {1981},
	OPTkey = 			 {},
	volume = 	 {109},
	OPTnumber = 	 {},
	pages = 		 {1150-1162},
	OPTmonth = 		 {}
	,OPTnote = 		 {\\ {\bf SP}}
}

@Article{vLM81b,
	author = 			 {van Loon, H. and Madden, R.A.},
	title = 			 {{The Southern Oscillation, II, Associlations with changes in the middle troposphere in the Northern winter}},
	journal = 		 mwr,
	year = 				 {1981},
	OPTkey = 			 {},
	volume = 	 {109},
	OPTnumber = 	 {},
	pages = 		 {1163-1168},
	OPTmonth = 		 {}
	,OPTnote = 		 {}
}

@Book{vSN93,
	editor = 	 {H. von Storch and Navarra, A.},
	title = 			 {{Analysis of Climate Variability: Applications of
                  Statistical Techniques}},
	publisher = 	 {Springer},
	year = 				 {1993},
	OPTkey = 			 {},
	OPTvolume = 	 {},
	OPTnumber = 	 {},
	OPTseries = 	 {},
	OPTaddress = 	 {},
	OPTedition = 	 {},
	OPTmonth = 		 {November}
	,OPTnote = 		 {}
}

@Article{GDGN03,
	author = 			 {Guilyardi, E. and Delecluse, P. and Gualdi, S. and Antonio Navarra, A.},
	title = 			 {Mechanisms for {ENSO} Phase Change in a Coupled {GCM}},
	journal = 		 joc,
	year = 				 {2003},
	OPTkey = 			 {},
	volume = 	 {16},
	number = 	 {8},
	pages = 		 {1141-1158},
	OPTmonth = 		 {},
	OPTnote = 		 {{\bf SP}},
	OPTannote = 	 {\\{\bf SP}}
}

@Article{BH89,
	author = 			 {Battisti, D.S. and Hirst, A.C.},
	title = 			 {Interannual Variability in a Tropical Atmosphere-Ocean Model: Influence of the Basic State, Ocean Geometry and Nonlinearity},
	journal = 		 jas,
	year = 				 {1989},
	OPTkey = 			 {},
	volume = 	 {46},
	number = 	 {12},
	pages = 		 {1687-1712},
	OPTmonth = 		 {},
	OPTnote = 		 {},
	OPTannote = 	 {\\{\bf Ph}}
}

@Article{JCC+97,
	author = 			 {Johns, T.C. and Carnell, R.E. and Crossley, J.F. and Gregory, J.M. and Mitchell, J.F.B. and Senior, C.A. and Tett, S.F.B. and Wood, R.A.},
	title = 			 {{The second Hadley Centre coupled ocean-atmosphere GCM: model description, spinup and validation}},
	journal = 		 cd,
	year = 				 {1997},
	OPTkey = 			 {DOI: 10.1007/s003820050155},
	volume = 	 {13},
	number = 	 {2},
	pages = 		 {103-134},
	OPTmonth = 		 {Feb},
	OPTnote = 		 {\\ {\bf Mo}},
	OPTannote = 	 {}
}

@Article{RPH+03,
	author = 			 {Rayner, N. A. and Parker, D. E. and Horton, E. B. and Folland, C. K. and Alexander, L. V. and Rowell, D. P. and Kent, E. C. and Kaplan, A.},
	title = 			 {Global analyses of sea surface temperature, sea ice, and night marine air temperature since the late nineteenth century},
	journal = 		 jgr,
	year = 				 {2003},
	OPTkey = 			 {},
	volume = 	 {108},
	number = 	 {D14},
	pages = 		 {4407-4443},
	OPTmonth = 		 {},
	OPTnote = 		 {},
	OPTannote = 	 {doi:10.1029/2002JD002670}
}

@Article{WW97,
    author  = {Weisberg, R.H. and Wang, C.Z.},
    title   = {{A western Pacific oscillator paradigm for the \elnino\ Southern Oscillation}},
    journal = grl,
    year    = {1997},
    OPTkey  = {},
    volume  = {24},
    number  = {7},
    pages   = {779-782},
    OPTmonth = {},
    OPTnote  = {\\{\bf SP}}
}

@Article{WWV99,
    author  = {Wang, C.Z. and Weisberg, R.H. and Virmani, J.I.},
    title   = {{Western Pacific interannual variability associated with the \elnino\ Southern oscillation}},
    journal = jgro,
    year    = {1999},
    OPTkey  = {},
    volume  = {104},
    number  = {C3},
    pages   = {5131-5149},
    OPTmonth = {},
    OPTnote  = {\\{\bf SP}}
}

@Article{GB87,
    author  = {Graham, N.E. and Barnett, T.P.},
    title   = {{Sea surface temperature, surface wind divergence and convection over tropical oceans}},
    journal = {Science},
    year    = {1987},
    OPTkey  = {},
    volume  = {238},
    number  = {4827},
    pages   = {657-659},
    OPTmonth = {},
    OPTnote  = {\\ {\bf Ph}}
}

@Article{GJJ84,
    author  = {Gadgil, S. and Joseph, P.V. and Joshi, N.V.},
    title   = {{Ocean-atmosphere coupling over monsoon regions}},
    journal = {Nature},
    year    = {1984},
    OPTkey  = {},
    volume  = {312},
    number  = {5990},
    pages   = {141-143},
    OPTmonth = {},
    OPTnote  = {}
}

@Article{TIS05,
    author  = {Turner, A. G. and Inness, P. M. and Slingo, J. M.},
    title   = {{The role of the basic state in the ENSO-monsoon relationship and implications for predictability}},
    journal = qjrms,
    year    = {2005},
    OPTkey  = {},
    volume  = {131},
    number  = {607},
    pages   = {781-804},
    OPTmonth = {},
    OPTnote  = {}
}

@article{IS03,
author = {Inness, P.M. and Slingo, J.M.},
title = {Simulation of the {Madden-Julian} Oscillation in a Coupled General Circulation Model. Part {I}: Comparison with Observations and an Atmosphere-Only GCM},
journal = joc,
volume = {16},
number = {3},
pages = {345-364},
year = {2003},
doi = {10.1175/1520-0442(2003)016<0345:SOTMJO>2.0.CO;2},
URL = {https://doi.org/10.1175/1520-0442(2003)016<0345:SOTMJO>2.0.CO;2},
eprint = {https://doi.org/10.1175/1520-0442(2003)016<0345:SOTMJO>2.0.CO;2}
}

@Article{ISGC03,
    author  = {Inness, P.M. and Slingo, J.M. and Guilyardi, E. and Cole, J.},
    title   = {{Simulation of the Madden-Julian Oscillation in a coupled general circulation model II: The role of the basic state}},
    journal = joc,
    year    = {2003},
    OPTkey  = {},
    volume  = {16},
    number  = {3},
    pages   = {365-382},
    OPTmonth = {},
    OPTnote  = {}
}

@article{YSH09,
author = {Yang, G-Y and  Slingo, J.M. and Hoskins, B.J.},
title = {Convectively Coupled Equatorial Waves in High-Resolution {Hadley} Centre Climate Models},
journal = joc,
volume = {22},
number = {8},
pages = {1897-1919},
year = {2009},
doi = {10.1175/2008JCLI2630.1},
URL = {https://doi.org/10.1175/2008JCLI2630.1},
eprint = {https://doi.org/10.1175/2008JCLI2630.1}
}

@Manual{ERS,
  title = 		 {{Mean wind fields (MWF product) Volume 1 ERS-1, ERS-2 and NSCAT User Manual}},
  key = 		 {CERSAT, IFREMER},
  OPTauthor = 	 {},
  organization = {CERSAT, IFREMER},
  address = 	 {Plouzane, France},
  OPTedition = 	 {},
  month = 	 {April},
  year = 	 {2002},
  note = 	 {{C2-MUT-W-05-IF (www.ifremer.fr)}},
  OPTannote = 	 {}
}

@Article{HadISST,
    author  = {Rayner, N.A. and Parker, D.E. and Horton, E.B. and Folland, C.K. and Alexander, L.V. and Rowell, D.P. and Kent, E.C. and Kaplan, A.},
    title   = {Global analyses of sea surface temperature, sea ice, and night marine air temperature since the late nineteenth century},
    journal = jgr,
    year    = {2003},
    OPTkey  = {},
    volume  = {108},
    number  = {D14},
    pages   = {},
    OPTmonth = {},
    OPTnote  = {}
}

@Article{SDR+03,
    author  = {Schneider, E.K. and DeWitt, D.G. and Rosati, A. and Kirtman, B.P. and Ji, L. and Tribbia, J.J.},
    title   = {{Retrospective ENSO forecasts: Sensitivity to atmospheric model and ocean resolution}},
    journal = mwr,
    year    = {2003},
    OPTkey  = {},
    volume  = {131},
    number  = {12},
    pages   = {3038-3060},
    OPTmonth = {},
    OPTnote  = {}
}

@Article{SZ98,
    author  = {Sheng, J. and Zwiers, F.},
    title   = {An improved scheme for time-dependent boundary
conditions in atmospheric general circulation models},
    journal = cd,
    year    = {1998},
    OPTkey  = {},
    volume  = {14},
    number  = {},
    pages   = {609-613},
    OPTmonth = {},
    OPTnote  = {}
}

@Article{BWSG04,
    author  = {Bernie, D.J. and Woolnough, S.J. Slingo, J.M. and Guilyardi, E.},
    title   = {Modelling Diurnal and Intraseasonal Variability of the Ocean Mixed Layer},
    journal = joc,
    year    = {2004},
    OPTkey  = {},
    volume  = {in press},
    OPTnumber  = {},
    OPTpages   = {},
    OPTmonth = {},
    OPTnote  = {}
}

@Article{Spe04,
    author  = {Spencer, Hilary},
    title   = {{Role of the atmosphere in the seasonal phase locking of \elnino}},
    journal = grl,
    year    = {2004},
    OPTkey  = {},
    volume  = {31},
    OPTnumber  = {},
    pages   = {L24104},
    OPTmonth = {},
    OPTnote  = {}
}

@Article{LBMS06,
    author  = {Lengaigne, M. and Boulanger, J.-P. and Menkes, C. and Spencer, Hilary},
    title   = {{Influence of the seasonal cycle on the termination of \elnino\ events in a Coupled General Circulation Model}},
    journal = joc,
    year    = {2006},
    OPTkey  = {},
    volume  = {19},
    number  = {9},
    pages   = {1850-1868},
    OPTmonth = {May},
    OPTnote  = {}
}

@Article{JDB+06,
    author  = {Johns, T.C. and Co-authors},
    OPTauthor  = {Johns, T.C. and Durman, C.F. and Banks, H.T. and Roberts, M.J.  and McLaren, A.J. and Ridley, J.K. and Senior, C.A and Williams, K.D. and Jones, A. and Rickard, G.J. and Cusack, S. and Ingram, W.J. and Crucifix, M. and Sexton, D.M.H. and Joshi, M.M.  and Dong, B-W. and Spencer, Hilary and Hill, R.S.R. and Gregory, J.M. and Keen, A.B. and Pardaens, A.K. and Lowe, J.A.  Bodas-Salcedo, A. and Stark, S. and Searl, Y.},
    title   = {{The new Hadley Centre climate model HadGEM1: Evaluation of coupled simulations}},
    journal = joc,
    year    = {2006},
    OPTkey  = {},
    volume  = {19},
    OPTnumber  = {7},
    OPTpages   = {1327-1353},
    OPTmonth = {},
    OPTnote  = {}
}


@Article{NBH+98,
    author  = {Neelin, J.D. and Battisti, D.S. and Hirst, A.C. and Jin, F-F and Wakata, Y. and Yamagata, T. and Zebiak, S.E.},
    title   = {{ENSO theory}},
    journal = jgr,
    year    = {1998},
    OPTkey  = {},
    volume  = {103},
    number  = {C7},
    pages   = {14261-14290},
    OPTmonth = {29 June},
    OPTnote  = {}
}

@PhdThesis{Pir04,
  author = 		 {Pirani, A.},
  title = 		 {Process Studies of the Equatorial Pacific Ocean and its Adjustment to Intraseasonal Wind Forcing},
  school = 		 {National Oceanography Centre, University of Southampton},
  year = 		 {2004},
  OPTkey = 		 {},
  OPTtype = 	 {},
  OPTaddress = 	 {},
  month = 	 {March},
  OPTnote = 	 {},
  OPTannote = 	 {}
}

@Article{Col00,
    author  = {Collins, M.},
    title   = {{Understanding uncertainties in the response of ENSO to greenhouse warming}},
    journal = grl,
    year    = {2000},
    OPTkey  = {},
    volume  = {27},
    number  = {21},
    pages   = {3509-3512},
    OPTmonth = {},
    OPTnote  = {}
}

@Article{TS01,
    author  = {Trenberth, K.E. and Stepaniak, D.P.},
    title   = {{Indices of \elnino\ Evolution}},
    journal = joc,
    year    = {2001},
    OPTkey  = {},
    volume  = {14},
    OPTnumber  = {},
    pages   = {1697-1701},
    OPTmonth = {},
    OPTnote  = {}
}

@Article{Gui06,
    author  = {Guilyardi, E.},
    title   = {{\elnino\ - mean state - seasonal cycle interactions in a multi-model ensemble}},
    journal = cd,
    year    = {2006},
    OPTkey  = {},
    volume  = {26},
    number  = {4},
    pages   = {329-348},
    OPTmonth = {March},
    OPTnote  = {}
}

@Article{GS98b,
    author  = {Guilderson, T.S. and Schrag, D.P.},
    title   = {{Abrupt shift in subsurface temperatures in the tropical Pacific associated with changes in \elnino}},
    journal = {Science},
    year    = {1998},
    OPTkey  = {},
    volume  = {281},
    number  = {5374},
    pages   = {240-243},
    OPTmonth = {Jul},
    OPTnote  = {}
}

@Article{FP01,
    author  = {Fedorov, A.V. and Philander, S.G.},
    title   = {{A stability analysis of tropical ocean-atmosphere interations: bridging measurements and theory for \elnino}},
    journal = joc,
    year    = {2001},
    OPTkey  = {},
    volume  = {14},
    OPTnumber  = {},
    pages   = {3086-3101},
    OPTmonth = {},
    OPTnote  = {}
}

@Article{FP00,
    author  = {Fedorov, A.V. and Philander, S.G.},
    title   = {{Is \elnino\ changing?}},
    journal = science,
    year    = {2000},
    OPTkey  = {},
    volume  = {288},
    OPTnumber  = {},
    pages   = {1997-2002},
    OPTmonth = {},
    OPTnote  = {}
}

@Article{FHP+03,
    author  = {Fedorov, A.V. and Harper, S.L. and Philander, S.G. and Winter, B. and Wittenberg, A.},
    title   = {{How Predictable is \elnino}},
    journal = bams,
    year    = {2003},
    OPTkey  = {},
    OPTvolume  = {},
    OPTnumber  = {},
    pages   = {911-919},
    OPTmonth = {July},
    OPTnote  = {}
}

@InCollection{WP04,
  author = 		 {Wang, C. and Picaut, J.},
  title = 		 {{Understanding ENSO physics - a review}},
  booktitle = 	 {Earth's Climate: The Ocean-Atmosphere Interactions},
  OPTcrossref =  {},
  OPTkey = 		 {},
  pages = 	 {21-48},
  publisher = {AGU, Washington, D.C.},
  year = 	 {2004},
  editor = 	 {Wang, C. and  Xie, S.P. and Carton, J.A.},
  volume = 	 {147},
  OPTnumber = 	 {},
  series = 	 {Geophysical Monograph Series},
  OPTtype = 	 {},
  OPTchapter = 	 {},
  OPTaddress = 	 {},
  OPTedition = 	 {},
  OPTmonth = 	 {},
  OPTnote = 	 {},
  OPTannote = 	 {}
}

@Article{VMB+01,
    author  = {Vialard, J. and Menkes, C. and Boulanger, J.P. and Delecluse, P. and Guilyardi, E. and McPhaden, M.J. and Madec, G.},
    title   = {{A model study of oceanic mechanisms affecting equatorial Pacific sea surface temperature during the 1997-98 \elnino}},
    journal = jpo,
    year    = {2001},
    OPTkey  = {},
    volume  = {31},
    number  = {7},
    pages   = {1649-1675},
    OPTmonth = {},
    OPTnote  = {}
}

@Article{Nee91,
    author  = {Neelin, J.D.},
    title   = {{The Slow Sea Surface Temperature Mode and the Fast-Wave Limit: Analytic Theory for Tropical Interannual Oscillations and Experiments in a Hybrid Coupled Model}},
    journal = jas,
    year    = {1991},
    OPTkey  = {},
    volume  = {48},
    number  = {4},
    pages   = {584-606},
    OPTmonth = {},
    OPTnote  = {}
}

@Article{GW98,
    author  = {Graham, N.E. and White, W.B.},
    title   = {{The \elnino\ cycle: A natural oscillator of the Pacific ocean-atmosphere system}},
    journal = {Science},
    year    = {1998},
    OPTkey  = {},
    volume  = {240},
    number  = {4857},
    pages   = {1293-1302},
    OPTmonth = {3 June},
    OPTnote  = {}
}

@Article{BC88,
    author  = {Busalacchi, A. and Cane, M.},
    title   = {{The effect of varying stratification on low-frequency equatorial waves}},
    journal = jpo,
    year    = {1988},
    OPTkey  = {},
    volume  = {18},
    OPTnumber  = {},
    pages   = {801-812},
    OPTmonth = {},
    OPTnote  = {}
}

@Article{BSA02,
    author  = {Benestad, R.E. And Sutton, R. and Anderson, D.},
    title   = {{The effect of \elnino\ on intraseasonal Kelvin waves}},
    journal = qjrms,
    year    = {2002},
    OPTkey  = {},
    volume  = {128},
    OPTnumber  = {},
    pages   = {1277-1291},
    OPTmonth = {},
    OPTnote  = {}
}

@Article{LH99,
    author  = {Li, T. and Hogan, T.F.},
    title   = {{The role of the annual-mean climate on seasonal and interannual variability of the tropical Pacific in a coupled GCM}},
    journal = joc,
    year    = {1999},
    OPTkey  = {},
    volume  = {12},
    OPTnumber  = {},
    pages   = {780-792},
    OPTmonth = {March},
    OPTnote  = {}
}

@Article{GGS+04,
    author  = {Guilyardi, E. and Gualdi, S. and Slingo, J. and Navarra, A. and Delecluse, P. and Cole, J. and Madec, G. and Roberts, M. and Latif, M. and Terray, L.},
    title   = {{Representing \elnino\ in coupled ocean-atmosphere GCMs: The dominant role of the atmospheric component}},
    journal = joc,
    year    = {2004},
    OPTkey  = {},
    volume  = {17},
    OPTnumber  = {},
    pages   = {1423-4629},
    OPTmonth = {15 Dec},
    OPTnote  = {}
}

@Article{Wan95,
    author  = {Wang, B.},
    title   = {{Interdecadal changes in \elnino\ onset in the last four decades}},
    journal = joc,
    year    = {1995},
    OPTkey  = {},
    volume  = {8},
    OPTnumber  = {},
    pages   = {267-285},
    OPTmonth = {Feb},
    OPTnote  = {}
}

@Article{ZJBD0x,
    author  = {Zelle, H. and Jan van Oldenborgh, G. and Burgers, G. and Dijkstra, H.},
    title   = {{\elnino\ and greenhouse warming: Results from ensemble simulations with NCAR CCSM}},
    journal = joc,
    year    = {2005},
    OPTkey  = {},
    volume  = {submitted},
    OPTnumber  = {},
    OPTpages   = {},
    OPTmonth = {},
    OPTnote  = {}
}

@PhdThesis{Cop05,
  author = 		 {Copsey, D.},
  title = 		 {{Decadal variability of the Walker circulation}},
  school = 		 {Meteorology},
  year = 		 {2005},
  OPTkey = 		 {},
  OPTtype = 	 {},
  address = 	 {University of Reading},
  OPTmonth = 	 {},
  OPTnote = 	 {},
  OPTannote = 	 {}
}


@Article{Col05,
    author  = {Collins, M.},
    title   = {{\elnino\ or \lanina-like climate change?}},
    journal = cd,
    year    = {2005},
    OPTkey  = {},
    volume  = {24},
    OPTnumber  = {},
    pages   = {89-104},
    OPTmonth = {},
    OPTnote  = {}
}

@Article{AS02,
    author  = {AchutaRao, K. and Sperber, K.R.},
    title   = {{Simulation of the \elnino\ southern oscillation: results from the coupled model intercomparison project}},
    journal = cd,
    year    = {2002},
    OPTkey  = {},
    volume  = {19},
    OPTnumber  = {},
    pages   = {191-209},
    OPTmonth = {},
    OPTnote  = {}
}

@Article{VBFA03,
    author  = {Vitart, F. and Balmaseda, M.A. and Ferranti, L and Anderson, D.},
    title   = {{Westerly wind events and the 1997/98 \elnino\ event in the ECMWF seasonal forecasting system: A case study}},
    journal = joc,
    year    = {2003},
    OPTkey  = {},
    volume  = {16},
    number  = {19},
    pages   = {3153-3170},
    OPTmonth = {},
    OPTnote  = {}
}

@Article{DDK+98,
    author  = {Delecluse, P. and Davey, M.K. and Kitamura, Y. and Philander, G.H. and Suarez, M. and Bengtsson, L.},
    title   = {{Coupled general circulation modeling of the tropical Pacific}},
    journal = jgr,
    year    = {1998},
    OPTkey  = {},
    volume  = {103},
    number  = {C7},
    pages   = {14,357-14,373},
    OPTmonth = {June},
    OPTnote  = {}
}

@Article{Tre90,
    author  = {Trenberth, K.E.},
    title   = {{Recent observed interdecadal climate changes in the northern hemisphere}},
    journal = bams,
    year    = {1990},
    OPTkey  = {},
    volume  = {71},
    number  = {7},
    pages   = {988-993},
    OPTmonth = {Jul},
    OPTnote  = {}
}

@Article{JN0x,
    author  = {Joseph, R. and Nigam, S.},
    title   = {{ENSO evolution and teleconnections in IPCC's 20$^{th}$ century climate simulations: realistic representation?}},
    journal = joc,
    year    = {2005},
    OPTkey  = {},
    volume  = {submitted},
    OPTnumber  = {},
    OPTpages   = {},
    OPTmonth = {},
    OPTnote  = {}
}

@Article{TH97,
    author  = {Trenberth, K.E. and Hoar, T.J.},
    title   = {{\elnino\ and climate change}},
    journal = grl,
    year    = {1997},
    OPTkey  = {},
    volume  = {24},
    number  = {23},
    pages   = {3057-3060},
    OPTmonth = {Dec},
    OPTnote  = {}
}


@Article{Don05,
    author  = {Dong, B.},
    title   = {{Asymmetry between \elnino\ and \lanina\ in a global coupled GCM
with an eddy-permitting ocean resolution}},
    journal = joc,
    year    = {2005},
    OPTkey  = {},
    volume  = {In press},
    OPTnumber  = {},
    OPTpages   = {},
    OPTmonth = {},
    OPTnote  = {}
}

@Article{DRC05,
    author  = {Dong, B.W. and Rodwell, M.J. and Cusack, S.},
    title   = {{The \elnino -Southern Oscillation (ENSO) in a coupled ocean-atmosphere model: The role of vertical versus horizontal resolution of the ocean model}},
    journal = jgr,
    year    = {2005},
    OPTkey  = {},
    volume  = {submitted},
    OPTnumber  = {},
    OPTpages   = {},
    OPTmonth = {},
    OPTnote  = {}
}

@Article{LDCP04,
    author  = {Lu, R. and Dong, B. and Cess, R.D. and Potter, G.L.},
    title   = {{The 1997/98 \elnino: A test for climate models}},
    journal = grl,
    year    = {2004},
    OPTkey  = {},
    volume  = {31},
    number  = {12},
    pages   = {},
    OPTmonth = {Jun},
    OPTnote  = {}
}

@Article{JATZ03,
    author  = {Jin, F.F. and An, S.I. and Timmermann, A. and Zhao, J.},
    title   = {{Strong \elnino\ events and non-linear dynamical heating}},
    journal = grl,
    year    = {2003},
    OPTkey  = {},
    volume  = {30},
    number  = {3},
    pages   = {1120-1123},
    OPTmonth = {},
    OPTnote  = {}
}

@Article{WA02,
    author  = {Wang, B. and An, S.I.},
    title   = {{A mechanism for decadal changes of ENSO behavior: roles of background wind changes}},
    journal = cd,
    year    = {2002},
    OPTkey  = {},
    volume  = {18},
    OPTnumber  = {},
    pages   = {475-486},
    OPTmonth = {},
    OPTnote  = {}
}

@Article{AJ04,
    author  = {An, S.I. and Jin, F.F.},
    title   = {{Non-linearity and asymmetry of ENSO}},
    journal = joc,
    year    = {2004},
    OPTkey  = {},
    volume  = {17},
    OPTnumber  = {},
    pages   = {2399-2412},
    OPTmonth = {},
    OPTnote  = {}
}

@Article{WHL05,
    author  = {Wu, L. and He, F. and Liu, Z.},
    title   = {{Coupled ocean-atmosphere response to north tropical Atlantic SST: tropical atlantic dipole and ENSO}},
    journal = grl,
    year    = {2005},
    OPTkey  = {},
    volume  = {in press},
    OPTnumber  = {},
    OPTpages   = {},
    OPTmonth = {},
    OPTnote  = {}
}

@Misc{TAO,
  key =      {{TAO Project Office}},
  author = 	 {{TAO Project Office}},
  title = 	 {Tropical  Atmosphere  Ocean  web page},
  howpublished = {http://www.pmel.noaa.gov/tao},
  OPTmonth = 	 {},
  year = 	 {2005},
  note = 	 {NOAA/Pacific Marine Environmental Laboratory, 7600 Sand Point Way NE, Seattle, WA 98115, USA},
  OPTannote = 	 {}
}

@Article{SSS07,
	author = 			 {Spencer, Hilary and Sutton, R. and Slingo, J.M.},
	title = 			 {{\elnino\ in a Coupled Climate Model:
Sensitivity to changes in mean state induced by heat flux and wind stress corrections}},
	journal = 		 joc,
	year = 				 {2007},
	OPTkey = 			 {},
	volume = 	 {20},
	number = 	 {10},
	pages = 		 {2273-2298},
	OPTmonth = 		 {May},
	OPTnote = 		 {},
	OPTannote = 	 {}
}

@Article{ZC87,
    author  = {Zebiak, S.E. and Cane, M.A.},
    title   = {{A Model \elnino-Southern Oscillation}},
    journal = mwr,
    year    = {1987},
    OPTkey  = {},
    volume  = {115},
    OPTnumber  = {},
    pages   = {2262-2278},
    OPTmonth = {Oct},
    OPTnote  = {}
}

@Article{BCT+0x,
    author  = {Brown, J. and Collins, M. and Tuphope, A. and Toniazzo, T. and Booth, B.},
    title   = {{Modelling mid-Holocene tropical climate and ENSO variability: Towards constraining predictions of future change with palaeo-data}},
    journal = cd,
    year    = {2006},
    OPTkey  = {},
    volume  = {submitted},
    OPTnumber  = {},
    OPTpages   = {},
    OPTmonth = {},
    OPTnote  = {}
}

@Article{An00,
    author  = {An, S-I},
    title   = {{On the Slow Mode of a Simple Air-sea Coupled Model: The Sensitivity to the Zonal Phase Difference between the SST and the Atmospheric Heating}},
    journal = jmsj,
    year    = {2000},
    OPTkey  = {},
    volume  = {78},
    number  = {2},
    pages   = {159-165},
    OPTmonth = {Apr},
    OPTnote  = {}
}

@Article{CVS01,
    author  = {Codron, F. and Vintzileos, A. and Sadourny, R.},
    title   = {{Influence of Mean State Changes on the Structure of ENSO in a Tropical Coupled GCM}},
    journal = joc,
    year    = {2001},
    OPTkey  = {},
    volume  = {14},
    OPTnumber  = {},
    pages   = {730-742},
    OPTmonth = {1 March},
    OPTnote  = {}
}

@Article{CWM06,
    author  = {Capotondi, A. and Wittenberg, A. and Masina, S.},
    title   = {{Spatial and temporal structure of Tropical Pacific interannual variability in 20th century coupled simulations}},
    journal = {Ocean Modelling},
    year    = {2006},
    OPTkey  = {},
    volume  = {In press},
    OPTnumber  = {},
    OPTpages   = {},
    OPTmonth = {},
    OPTnote  = {}
}

@Article{DN95,
    author  = {Dijkstra, H.A. and Neelin, J.D.},
    title   = {{Ocean-Atmosphere Interaction and the Tropical Climatology. {P}art II: Why the Pacific Cold Tongue is in the East}},
    journal = joc,
    year    = {1995},
    OPTkey  = {},
    volume  = {8},
    OPTnumber  = {},
    pages   = {1343-1359},
    OPTmonth = {May},
    OPTnote  = {}
}

@Article{DN99,
    author  = {Dijkstra, H.A. and Neelin, J.D.},
    title   = {{Coupled Processes and the Tropical Climatology. {P}art III: Instabilities of the Fully Coupled Climatology}},
    journal = joc,
    year    = {1999},
    OPTkey  = {},
    volume  = {12},
    OPTnumber  = {},
    pages   = {1630-1643},
    OPTmonth = {Jun},
    OPTnote  = {}
}

@Article{Jin96,
    author  = {Jin, F.-F.},
    title   = {{Tropical Ocean-Atmosphere Interactions, the Pacific Cold Tongue and the \elnino-Southern Oscillation}},
    journal = {Science},
    year    = {1996},
    OPTkey  = {},
    volume  = {274},
    number  = {5284},
    pages   = {76-78},
    OPTmonth = {4 Oct},
    OPTnote  = {}
}

@Article{KAJ01,
    author  = {Kang, I-S and An, S-I and Jin, F-F},
    title   = {{A Systematic Approximation of the SST Anomaly Equation for ENSO}},
    journal = jmsj,
    year    = {2001},
    OPTkey  = {},
    volume  = {79},
    number  = {1},
    pages   = {1-10},
    OPTmonth = {Feb},
    OPTnote  = {}
}

@Article{KM94,
    author  = {Knutson, T.R. and Manabe, S.},
    title   = {{Impact of increased CO$_2$ on simulated ENSO-like phenomena}},
    journal = grl,
    year    = {1994},
    OPTkey  = {},
    volume  = {21},
    number  = {21},
    pages   = {2295-2298},
    OPTmonth = {},
    OPTnote  = {}
}

@Article{KS98,
    author  = {Kamenkovich, I.V. and Sarachik, E.S.},
    title   = {{Reducing errors in temperature and salinity in an ocean model forced by restoring boundary conditions}},
    journal = jpo,
    year    = {2004},
    OPTkey  = {},
    volume  = {34},
    OPTnumber  = {},
    pages   = {1856-1869},
    OPTmonth = {Aug},
    OPTnote  = {}
}

@Article{LBS88,
    author  = {Latif, M. and Biercamp, J. and Van Storch, H.},
    title   = {{The response of a coupled ocean-atmosphere general circulation model to wind bursts}},
    journal = jas,
    year    = {1988},
    OPTkey  = {},
    volume  = {45},
    number  = {6},
    pages   = {964-979},
    OPTmonth = {15 Mar},
    OPTnote  = {}
}

@Article{LSMJ93,
    author  = {Latif, M. and Sterl, A. and Maier-Reimer, E. and Junge, M.M.},
    title   = {{Climate variability in a coupled GCM. {P}art I: The tropical Pacific}},
    journal = joc,
    year    = {1993},
    OPTkey  = {},
    volume  = {6},
    OPTnumber  = {},
    pages   = {5-21},
    OPTmonth = {Jan},
    OPTnote  = {}
}

@Article{Moo95,
    author  = {Moore, A.M.},
    title   = {{Tropical interannual variability in a global coupled GCM: sensitivity to mean state climate}},
    journal = joc,
    year    = {1995},
    OPTkey  = {},
    volume  = {8},
    OPTnumber  = {},
    pages   = {807-828},
    OPTmonth = {Apr},
    OPTnote  = {}
}

@Article{ND95,
    author  = {Neelin, J.D. and Dijkstra, H.A.},
    title   = {{Ocean-atmosphere interaction and the tropical climatology. {P}art I: The dangers of flux correction}},
    journal = joc,
    year    = {1995},
    OPTkey  = {},
    volume  = {8},
    OPTnumber  = {},
    pages   = {1325-1342},
    OPTmonth = {May},
    OPTnote  = {}
}

@Article{SBH88,
    author  = {Sausen, R. and Barthel, K. and Hasselmann, K.},
    title   = {{Coupled ocean-atmosphere models with flux correction}},
    journal = cd,
    year    = {1988},
    OPTkey  = {},
    volume  = {2},
    OPTnumber  = {},
    pages   = {145-163},
    OPTmonth = {},
    OPTnote  = {}
}

@Article{Ton06,
    author  = {Toniazzo, T.},
    title   = {{A study of the sensitivity of ENSO to the mean climate}},
    journal = {Advances in Geosciences},
    year    = {2006},
    OPTkey  = {},
    volume  = {6},
    OPTnumber  = {},
    pages   = {111-118},
    OPTmonth = {},
    OPTnote  = {}
}

@Article{WW94,
    author  = {Wang, C. and Weisberg, R.H.},
    title   = {{On the ``slow mode'' mechanism in ENSO-related coupled ocean-atmosphere models}},
    journal = joc,
    year    = {1994},
    OPTkey  = {},
    volume  = {7},
    OPTnumber  = {},
    pages   = {1657-1667},
    OPTmonth = {Nov},
    OPTnote  = {}
}

@Article{DS0x,
    author  = {Dong, B. and Sutton, R.T.},
    title   = {{Enhancement of \elnino\ Southern Oscillation (ENSO) variability by a weakened Atlantic Thermohaline circulation in a coupled GCM}},
    journal = joc,
    year    = {submitted},
    OPTkey  = {},
    OPTvolume  = {},
    OPTnumber  = {},
    OPTpages   = {},
    OPTmonth = {},
    OPTnote  = {}
}

@Article{LGWS09,
    author  = {Lloyd, J. and Guilyardi, E. and Weller, H. and Slingo, J.M.},
    title   = {The Role of Atmospheric Feedbacks During {ENSO} in the {CMIP3} Models},
    journal = asl,
    year    = {2009},
    OPTkey  = {},
    volume  = {10},
    number  = {3},
    pages   = {170-176},
    month = {},
    OPTnote  = {}
}

@Article{LGW11,
  author =  {Lloyd, J. and Guilyardi, E. and Weller, H.},
  title  = 	{{The role of atmosphere feedbacks during ENSO in the CMIP3 models. Part II: using AMIP runs to understand the heat flux feedback mechanisms}},
  journal = cd,
  year =    {2011},
  OPTkey = 	{},
  volume = 	{37},
  number = 	{7-8},
  pages =   {1271-1292},
  OPTmonth = {},
  OPTnote =  {},
  OPTannote = {}
}

@Article{LGW12,
  author =  {Lloyd, J. and Guilyardi, E. and Weller, H.},
  title  = 	{{The role of atmosphere feedbacks during ENSO in the CMIP3 models. Part III: the shortwave flux feedback}},
  journal = joc,
  year =    {2012},
  OPTkey = 	{},
  volume = 	{25},
  number = 	{12},
  pages =   {4275-4293},
  OPTmonth = {},
  OPTnote =  {},
  OPTannote = {}
}


@techreport{SGH+03,
           month = {September},
            type = {Technical Report},
           title = {How good is the Hadley Centre climate model? Research at CGAM on identifying and understanding model systematic errors: 1999-2002 - CGAM/NCAS Report},
          author = {J.M. Slingo and E. Guilyardi and K.I. Hodges and B.J. Hoskins and P.M. Inness and D.M. Lawrence and R. Neale and T.M. Osborne and Hilary Spencer and G.Y. Yang},
            year = {2003},
             url = {http://centaur.reading.ac.uk/120/}
}

@Article{CLK14,
AUTHOR = {Chen, G.-S. and Liu, Z. and Kutzbach, J. E.},
TITLE = {{Reexamining the barrier effect of the Tibetan Plateau on the South Asian summer monsoon}},
JOURNAL = {Climate of the Past},
VOLUME = {10},
YEAR = {2014},
NUMBER = {3},
PAGES = {1269-1275},
URL = {https://www.clim-past.net/10/1269/2014/},
OPTDOI = {10.5194/cp-10-1269-2014}
}
