%@String{joc = {Journal of Climate}}
%@String{qjrms = {Quarterly Journal of the Royal Meteorological
%                  Society}}
%@String{grl = {Geophysical Research Letters}}
%@String{cd = {Climate Dynamics}}
%@String{jgr = {Journal of Geophysical Research}}
%@String{jgro = {Journal of Geophysical Research - Oceans}}
%@String{mwr = {Monthly Weather Review}}
%@String{jas = {Journal of Atmospheric Science}}
%@String{jam = {Journal of Applied Meteorology}}
%@String{bams = {Bulletin of the American Meteorological Society}}
%@String{jpo = {Journal of Physical Oceanography}}
%@String{aee = {Agriculture Ecosystems and Environment}}
%@String{bwho = {Bulletin of the World Health Organization}}
%@String{tp = {Trends in Parasitology}}
%@String{tel = {Tellus}}
%@String{wf = {Weather and Forecasting}}
%@String{nat = {Nature}}
%@String{jh  = {Journal of Hydrometeorology}}
%@String{bams = {Bulletine of the American Meteorological Society}}
%@String{asl = {Atmospheric Science Letters}}
%@String{jmsj = {Journal of the Meteorological Society of Japan}}

@String{joc = {J. Climate}}
@String{qjrms = {Quart. J. Roy. Meteor. Soc.}}
@String{grl = {Geophys. Res. Lett.}}
@String{cd = {Climate Dyn.}}
@String{jgr = {J. Geophys. Res.}}
@String{jgro = {J. Geophys. Res. - Oceans}}
@String{mwr = {Mon. Wea. Rev.}}
@String{jas = {J. of Atmos Sci.}}
@String{jam = {J. Appl. Meteor.}}
@String{bams = {Bull. Amer. Meteor. Soc.}}
@String{jpo = {J. Phys. Oceanogr.}}
@String{aee = {Agriculture Ecosystems and Environment}}
@String{bwho = {Bull. World Health Org.}}
@String{tp = {Trends in Parasitology}}
@String{tel = {Tellus}}
@String{wf = {Wea. Forecasting}}
@String{nat = {Nature}}
@String{jh  = {J. Hydrometeorology}}
@String{bams = {Bull. Amer. Meteor. Soc.}}
@String{asl = {Atmos. Sci. Lett.}}
@String{jmsj = {J. Meteor. Soc, Japan}}

% BGEA abreviabtions
@String{aee = {Agriculture Ecosystems and Environment}}
@String{ag = {Ann Geophys}}
@String{asl = {Atmos Sci Lett}}
@String{bams = {Bull Am Meteorol Soc}}
@String{bwho = {Bull World Health Org}}
@String{cd = {Clim Dyn}}
@String{dsr = {Deep-Sea Res}}
@String{gaos = {Global Atmos Ocean Syst}}
@String{grl = {Geophys Res Lett}}
@String{ijc = {Int J Climatol}}
@String{jam = {J Appl Meteorol}}
@String{jas = {J Atmos Sci}}
@String{jgr = {J Geophys Res}}
@String{jgra = {J Geophys Res}}
@String{jgro = {J Geophys Res}}
@String{jh  = {J Hydrometeorol}}
@String{jmsj = {J Meteor Soc Japan}}
@String{joc = {J Clim}}
@String{jpo = {J Phys Oceanogr}}
@String{mwr = {Mon Weather Rev}}
@String{nat = {Nature}}
@String{qjrms = {Q J R Meteorol Soc}}
@String{tel = {Tellus}}
@String{tp = {Trends in Parasitology}}
@String{wf = {Wea Forecasting}}

@Article{ACD+01,
	author = 			 {Allan, R. and Chambers, D. and Drosdowsky, W. and Hendon, H. and Latif, M. and Nicholls, N. and Smith, I. and Stone, R. and Tourre, Y.},
	title = 			 {{Is there an Indian Ocean dipole and is it independent of the \elnino\ - Southern Oscillation?}},
	journal = 		 {CLIVAR Exchanges},
	year = 				 {2001},
	key = 			 {21},
	volume = 	 {6},
	number = 	 {3},
	pages = 		 {18-22},
	OPTmonth = 		 {Sep},
	OPTnote = 		 {},
	OPTannote = 	 {}
}

@Article{AGY03,
	author = 			 {Ashok, K and Guan, Z.Y. and Yamagata, T.},
	title = 			 {{A look at the relationship between the ENSO and the Indian Ocean Dipole}},
	journal = 		 jmsj,
	year = 				 {2003},
	OPTkey = 			 {},
	volume = 	 {81},
	number = 	 {1},
	pages = 		 {41-56},
	OPTmonth = 		 {},
	OPTnote = 		 {}
}


@Article{AMP+03,
	author = 			 {Annamalai, H. and Murtugudde, R. and Potemra, J. and Xie, S.P. and Liu, P. and Wang, B. },
	title = 			 {{Coupled dynamics over the Indian Ocean: Spring initiation of the zonal mode}},
	journal = 		 dsr,
	year = 				 {2003},
	OPTkey = 			 {},
	volume =      {50},
	number =      {12-13},
	pages =       {2305-2330},
	OPTmonth = 		 {},
	OPTnote = 		 {},
	OPTannote = 	 {}
}

@Article{ARM00,
	author = 			 {Ansell, T. and Reason, C.J.C. and Meyers, G.},
	title = 			 {{Variability in the tropical southeast Indian Ocean and links with southeast Australian winter rainfall}},
	journal = 		 grl,
	year = 				 {2000},
	OPTkey = 			 {},
	volume = 	 {27},
	number = 	 {24},
	pages = 		 {3977-3980},
	OPTmonth = 		 {Dec},
	OPTnote = 		 {\\ {\bf IO}}
}

@Article{AGY01,
	author = 			 {Ashok, K. and Guan, Z.Y. and Yamagata, T.},
	title = 			 {{Impact of the Indian Ocean dipole on the relationship between the Indian monsoon rainfall and ENSO}},
	journal = 		 grl,
	year = 				 {2001},
	OPTkey = 			 {},
	volume = 	 {28},
	number = 	 {23},
	pages = 		 {4499-4502},
	OPTmonth = 		 {Dec},
	OPTnote = 		 {\\ {\bf IO}}
}

@Article{BKY99,
	author = 			 {Behera, S.K. and Krishnan, R. and Yamagata, T.},
	title = 			 {Unusual ocean-atmosphere conditions in the tropical {Indian Ocean} during 1994},
	journal = 		 grl,
	year = 				 {1999},
	OPTkey = 			 {},
	volume = 	 {26},
	number = 	 {19},
	pages = 		 {3001-3004},
	OPTmonth = 		 {},
	OPTnote = 		 {\\ {\bf IO}}
}

@Article{BL03,
	author = 			 {Bader, J. and Latif M.},
	title = 			 {The impact of decadal-scale Indian Ocean sea surface temperature anomalies on Sahelian Rainfall and the North Atlantic oscillation},
	journal = 		 {},
	year = 				 {2003},
	OPTkey = 			 {},
	OPTvolume = 	 {},
	OPTnumber = 	 {},
	OPTpages = 		 {},
	OPTmonth = 		 {},
	OPTnote = 		 {}
}


@Article{BLL02,
	author = 			 {Baquero-Bernal, A. and Latif, M. and Legutke, S.},
	title = 			 {On Dipolelike Variability of Sea Surface Temperature in the Tropical Indian Ocean},
	journal = 		 joc,
	year = 				 {2002},
	OPTkey = 			 {},
	volume = 	 {15},
	OPTnumber = 	 {},
	pages = 		 {1358-1368},
	OPTmonth = 		 {},
	OPTnote = 		 {\\ {\bf IO}}
}

@Article{BSS03,
	author = 			 {Black, E. and Slingo, J.M. and Sperber, K.R.},
	title = 			 {{An observational study of the relationship between excessively strong short rains in coastal East Africa and Indian Ocean SST}},
	journal = 		 mwr,
	year = 				 {2003},
	OPTkey = 			 {},
	volume = 	 {131},
	number = 	 {1},
	pages = 		 {74-94},
	OPTmonth = 		 {},
	OPTnote = 		 {\\ {\bf IO}}
}

@Article{BSY00,
	author = 			 {Behera, S.K. and Salvekar, P.S. and Yamagata, T.},
	title = 			 {{Simulation of interannual SST variability in the tropical Indian Ocean}},
	journal = 		 joc,
	year = 				 {2000},
	OPTkey = 			 {},
	volume = 	 {13},
	number = 	 {19},
	pages = 		 {3487-3499},
	OPTmonth = 		 {},
	OPTnote = 		 {\\ {\bf IO}}
}

@Article{FB94,
	author = 			 {Frederiksen, C.S. and Balgovind, R.C.},
	title = 			 {{The influence Of The Indian-Ocean Indonesian SST gradient on the Australian winter rainfall and circulation in an atmospheric GCM}},
	journal = 		 qjrms,
	year = 				 {1994},
	OPTkey = 			 {},
	volume = 	 {120},
	number = 	 {518},
	pages = 		 {923-952},
	OPTmonth = 		 {Jul},
	OPTnote = 		 {\\ {\bf IO}}
}

@Article{FMW01,
	author = 			 {Feng, M. and Meyers, G. and Wijffels, S.},
	title = 			 {{Interannual upper ocean variability in the tropical Indian Ocean}},
	journal = 		 grl,
	year = 				 {2001},
	OPTkey = 			 {},
	volume = 	 {28},
	number = 	 {21},
	pages = 		 {4151-4154},
	OPTmonth = 		 {Nov},
	OPTnote = 		 {},
	OPTannote = 	 {}
}

@Article{FM03,
	author = 			 {Feng, M. and Meyers, G.},
	title = 			 {{Interannual variability in the tropical Indian Ocean: A two-year time scale of IOD}},
	journal = 		 dsr,
	year = 				 {2003},
	OPTkey = 			 {},
	volume = 	 {50},
	number = 	 {},
	pages = 		 {2263-2284},
	OPTmonth = 		 {},
	OPTnote = 		 {},
	OPTannote = 	 {}
}

@Article{FTG05,
	author = 			 {Fischer, A.S. and Terray, P. and Guilyardi, E. and Gualdi, S. and Delecluse, P.},
	title = 			 {{Two independent triggers for the Indian Ocean dipole/zonal mode in a coupled GCM}},
	journal = 		 joc,
	year = 				 {2005},
	OPTkey = 			 {},
	volume = 	 {18},
	number = 	 {17},
	pages = 		 {3428-3449},
	OPTmonth = 		 {},
	OPTnote = 		 {}
}

@Article{GG99,
	author = 			 {Goddard, L. and Graham, N.E.},
	title = 			 {{Importance of the Indian Ocean for simulating rainfall anomalies over eastern and southern Africa}},
	journal = 		 jgr,
	year = 				 {1999},
	volume = 	 {104},
	number = 	 {D16},
	pages = 		 {19099-19116},
	OPTmonth = 		 {Aug},
	OPTnote = 		 {\\ {\bf IO}}
}

@Article{GGN+03,
	author = 			 {Gualdi, S. and Guilyardi, E. and Navarra, A. and Masina, S. and Delecluse, P.},
	title = 			 {{The interannual variability in the tropical Indian Ocean as simulated by a CGCM}},
	journal = 		 cd,
	year = 				 {2003},
	OPTkey = 			 {},
	volume = 	 {20},
	number = 	 {6},
	pages = 		 {567-582},
	OPTmonth = 		 {},
	OPTnote = 		 {}
}

@Article{GGN+03,
	author = 			 {Gualdi, X. and Guilyardi, E. and Navarra, A. and Masina, S. and Delecluse, P.},
	title = 			 {{The interannual variability in the tropical Indian Ocean as simulated by a CGCM}},
	journal = 		 cd,
	year = 				 {2003},
	OPTkey = 			 {},
	volume = 	 {20},
	number = 	 {6},
	pages = 		 {567 - 582},
	OPTmonth = 		 {},
	OPTnote = 		 {}
}

@Article{GY03,
	author = 			 {Guan, Z.Y. and Yamagata, T.},
	title = 			 {{The unusual summer of 1994 in East Asia: IOD teleconnections}},
	journal = 		 grl,
	year = 				 {2003},
	OPTkey = 			 {},
	volume = 	 {30},
	number = 	 {10},
	OPTpages = 		 {},
	OPTmonth = 		 {},
	OPTnote = 		 {\\ {\bf IO}}
}


@Article{HNG93,
	author = 			 {Hastenrath, S. and Nicklis, A. and Greischar, L.},
	title = 			 {{Atmospheric-hydrospheric mechanisms of climate anomalies in the western equatorial Indian-Ocean}},
	journal = 		 jgro,
	year = 				 {1993},
	OPTkey = 			 {},
	volume = 	 {98},
	number = 	 {C11},
	pages = 		 {20219-20235},
	month = 		 {Nov},
	OPTnote = 		 {},
	OPTannote = 	 {}
}

@Article{LDDG99,
	author = 			 {Latif, M. and Dommenget, D. and Dima, M. and Gr\"{o}tzner, A.},
	title = 			 {The Role of {Indian Ocean} Sea Surface Temperature in Forcing {East African} Rainfall Anomalies during {December-January} 1997/98},
	journal = 		 joc,
	year = 				 {1999},
	OPTkey = 			 {},
	volume = 	 {12},
	number = 	 {12},
	pages = 		 {3497-3504},
	OPTmonth = 		 {},
	OPTnote = 		 {\\ {\bf IO}}
}

@Article{LMW+03,
	author = 			 { Loschnigg, J. and Meehl, G.A. and Webster, P.J. and Arblaster, J.M. and Compo, G.P.},
	title = 			 {{The Asian monsoon, the tropospheric biennial oscillation, and the Indian Ocean zonal mode in the NCAR CSM}},
	journal = 		 joc,
	year = 				 {2003},
	OPTkey = 			 {},
	volume = 	 {16},
	number = 	 {11},
	pages = 		 {1617-1642},
	OPTmonth = 		 {},
	OPTnote = 		 {},
	OPTannote = 	 {}
}

@Article{LW00,
	author = 			 {Loschnigg, J. and Webster, P.J.},
	title = 			 {{A coupled ocean-atmosphere system of SST modulation for the Indian Ocean}},
	journal = 		 joc,
	year = 				 {2000},
	OPTkey = 			 {},
	volume = 	 {13},
	number = 	 {19},
	pages = 		 {3342-3360},
	OPTmonth = 		 {},
	OPTnote = 		 {\\ {\bf IO}}
}

@Article{LWCZ03,
	author = 			 {Li, T. and Wang, B. and Chang, C.P. and Zhang, Y.S.},
	title = 			 {{A theory for the Indian Ocean dipole-zonal mode}},
	journal = 		 jas,
	year = 				 {2003},
	OPTkey = 			 {},
	volume = 	 {60},
	number = 	 {17},
	pages = 		 {2119-2135},
	OPTmonth = 		 {},
	OPTnote = 		 {},
	OPTannote = 	 {}
}

@Article{LZLW02,
	author = 			 {Li, T. and Zhang, Y.S. and Lu, E. and Wang, D.L.},
	title = 			 {Relative role of dynamic and thermodynamic processes in the development of the Indian Ocean dipole: An OGCM diagnosis},
	journal = 		 grl,
	year = 				 {2002},
	OPTkey = 			 {},
	volume = 	 {29},
	number = 	 {23},
	OPTpages = 		 {},
	OPTmonth = 		 {},
	OPTnote = 		 {},
	OPTannote = 	 {}
}

@Article{MA02,
	author = 			 {Meehl, G.A. and Arblaster, J.M.},
	title = 			 {{Indian monsoon GCM sensitivity experiments testing tropospheric biennial oscillation transition conditions}},
	journal = 		 joc,
	year = 				 {2003},
	OPTkey = 			 {},
	volume = 	 {15},
	number = 	 {9},
	pages = 		 {923-944},
	OPTmonth = 		 {},
	OPTnote = 		 {},
	OPTannote = 	 {}
}

@Article{MB99,
	author = 			 {Murtugudde, R. and Busalacchi, A.J.},
	title = 			 {{Interannual variability of the dynamics and thermodynamics of the tropical Indian Ocean}},
	journal = 		 joc,
	year = 				 {1999},
	OPTkey = 			 {},
	volume = 	 {12},
	number = 	 {8},
	pages = 		 {2300-2326},
	OPTmonth = 		 {Aug},
	OPTnote = 		 {},
	OPTannote = 	 {}
}

@Article{MBB98,
	author = 			 {Murtugudde, R. and Busalacchi, A.J. and Beauchamp, J.},
	title = 			 {{Seasonal-to-interannual effects of the Indonesian throughflow on the tropical Indo-Pacific Basin}},
	journal = 		 jgro,
	year = 				 {1998},
	OPTkey = 			 {},
	volume = 	 {103},
	number = 	 {C10},
	pages = 		 {21425-21441},
	OPTmonth = 		 {},
	OPTnote = 		 {},
	OPTannote = 	 {}
}

@Article{MM98,
	author = 		 {Masumoto, Y. and Meyers, G.},
	title = 		 {{Forced Rossby waves in the southern tropical Indian Ocean}},
	journal = 	 jgro,
	year = 			 {1998},
	OPTkey = 		 {},
	volume = 	   {103},
	number = 	   {C12},
	pages = 		 {27589-27602},
	OPTmonth = 		 {},
	OPTnote = 		 {},
	OPTannote = 	 {}
}

@Article{MMB00,
	author = 			 {Murtugudde, R. and McCreary, J.P. and Busalacchi, A.J.},
	title = 			 {{Oceanic processes associated with anomalous events in the Indian Ocean with relevance to 1997-1998}},
	journal = 		 jgro,
	year = 				 {2000},
	OPTkey = 			 {},
	volume = 	 {105},
	number = 	 {C2},
	pages = 		 {3295-3306},
	OPTmonth = 		 {Feb},
	OPTnote = 		 {},
	OPTannote = 	 {}
}

@Article{Mey96,
	author = 			 {Meyers, G.},
	title = 			 {{Variation of Indonesian throughflow and the El Nino Southern Oscillation}},
	journal = 		 jgro,
	year = 				 {1996},
	OPTkey = 			 {},
	volume = 	 {101},
	number = 	 {C5},
	pages = 		 {12255-12263},
	OPTmonth = 		 {},
	OPTnote = 		 {},
	OPTannote = 	 {}
}

@Article{NKET95,
	author = 			 {Nagai, T. and Kitamura, Y. and Endoh, M. and Tokioka, T},
	title = 			 {{Coupled atmosphere ocean model simulations of \elnino\ Southern Oscillation with and without an active Indian-Ocean}},
	journal = 		 joc,
	year = 				 {1995},
	OPTkey = 			 {},
	volume = 	 {8},
	number = 	 {1},
	pages = 		 {3-14},
	OPTmonth = 		 {jan},
	OPTnote = 		 {\\ {\bf IO}},
	OPTannote = 	 {}
}

@Unpublished{NY0x,
	author = 			 {Behera, S.K. and Yamagata, T.},
	title = 			 {{Influence of the Indian Ocean dipole on the Southern Oscillation}},
	OPTjournal = 		 {},
	OPTyear = 				 {},
	OPTkey = 			 {},
	OPTvolume = 	 {},
	OPTnumber = 	 {},
	OPTpages = 		 {},
	OPTmonth = 		 {},
	OPTnote = 		 {},
	OPTannote = 	 {}
}

@Article{Nic89,
	author = 			 {Nicholls, N.},
	title = 			 {Sea Surface Temperatures and {Australian} Winter Rainfall},
	journal = 		 joc,
	year = 				 {1989},
	OPTkey = 			 {},
	volume = 	 {2},
	number = 	 {9},
	pages = 		 {965-973},
	OPTmonth = 		 {Sept},
	OPTnote = 		 {\\ {\bf IO}}
}

@Article{RBMY02,
	author = 			 {Rao, S.A. and Behera, S.K. and Masumoto, Y. and Yamagata, T.},
	title = 			 {{Interannual subsurface variability in the tropical Indian Ocean with a special emphasis on the Indian Ocean Dipole}},
	journal = 		 dsr,
	year = 				 {2002},
	OPTkey = 			 {},
	volume = 	 {49},
	number = 	 {7-8},
	pages = 		 {1549-1572},
	OPTmonth = 		 {},
	OPTnote = 		 {}
}

@Article{RH95,
	author = 			 {Rodwell, M.J. and Hoskins, B.J.},
	title = 			 {{A model Of the Asian summer monsoon .2. cross-equatorial flow And PV behavior}},
	journal = 		 jas,
	year = 				 {1995},
	OPTkey = 			 {},
	volume = 	 {52},
	number = 	 {9},
	pages = 		 {1341-1356},
	OPTmonth = 		 {},
	OPTnote = 		 {},
	OPTannote = 	 {}
}

@Book{SCG01,
	ALTauthor = 	 {},
	editor = 	 {Siedler, G. and Church, J. and Gould J.},
	title = 			 {Ocean circulation and climate. Observing and modelling the global ocean},
	publisher = 	 {Academic Press},
	year = 				 {2001},
	OPTkey = 			 {},
	volume = 	 {77},
	pages = 		 {715},
	OPTnumber = 	 {},
	series = 	 {International Geophysics series},
	OPTaddress = 	 {},
	OPTedition = 	 {},
	OPTmonth = 		 {},
	OPTnote = 		 {},
	OPTannote = 	 {}
}

@Article{SG03,
	author = 			 {Schiller, A. and Godfrey, J.S.},
	title = 			 {{Indian Ocean intraseasonal variability in an ocean general circulation model}},
	journal = 		 joc,
	year = 				 {2003},
	OPTkey = 			 {},
	volume = 	 {16},
	number = 	 {1},
	pages = 		 {21-39},
	OPTmonth = 		 {},
	OPTnote = 		 {}
}


@Article{SGVY99,
	author = 			 {Saji, N.H. and Goswami, B.N. and Vinayachandran, P.N. and Yamagata, T.},
	title = 			 {{A dipole mode in the tropical Indian Ocean}},
	journal = 		 nat,
	year = 				 {1999},
	OPTkey = 			 {},
	volume = 	 {401},
	number = 	 {6751},
	pages = 		 {360-363},
	OPTmonth = 		 {Sep},
	OPTnote = 		 {\\ {\bf IO}}
}

@Article{VLV00,
	author = 			 {Venzke, S. and Latif, M. and Villwock, A.},
	title = 			 {{The coupled GCM ECHO-2. Part II: Indian ocean response to ENSO}},
	journal = 		 joc,
	year = 				 {2000},
	OPTkey = 			 {},
	volume = 	 {13},
	number = 	 {8},
	pages = 		 {1371-1383},
	OPTmonth = 		 {Apr},
	OPTnote = 		 {\\ {\bf IO}},
	OPTannote = 	 {}
}

@Article{WMLL99,
	author = 			 {Webster, P.J. and Moore, A.M. and Loschnigg, J.P. and Leben, R.R.},
	title = 			 {{Coupled ocean-atmosphere dynamics in the Indian Ocean during 1997-98}},
	journal = 		 nat,
	year = 				 {1999},
	OPTkey = 			 {},
	volume = 	 {401},
	number = 	 {6751},
	pages = 		 {356-360},
	OPTmonth = 		 {},
	OPTnote = 		 {\\ {\bf IO}}
}

@Article{XASM02,
	author = 			 {Xie, S.-P. and Annamalai, H. and Schott, F. A. and McCreary, J. P.},
	title = 			 {{Structure and mechanisms of South Indian Ocean climate variability}},
	journal = 		 joc,
	year = 				 {2002},
	OPTkey = 			 {},
	volume = 	 {15},
	number = 	 {8},
	pages = 		 {864-878},
	OPTmonth = 		 {},
	OPTnote = 		 {\\ {\bf IO}}
}

@Article{YBR+02,
	author = 			 {Yamagata, T. and Behera, S.B. and Rao, S.A. and Guan, Z. and Ashok, K. and Saji, H.N.},
	title = 			 {{The Indian Ocean dipole: a physical entity}},
	journal = 		 {CLIVAR Exchanges},
	year = 				 {2002},
	OPTkey = 			 {},
	volume = 	 {7},
	number = 	 {2},
	pages = 		 {15-18},
	month = 		 {June},
	OPTnote = 		 {\\ {\bf IO}}
}



@Article{YR99,
	author = 			 {Yu, L.S. and Rienecker, M.M.},
	title = 			 {{Mechanisms for the Indian Ocean warming during the 1997-98 \elnino}},
	journal = 		 grl,
	year = 				 {1999},
	OPTkey = 			 {},
	volume = 	 {26},
	number = 	 {6},
	pages = 		 {735-738},
	OPTmonth = 		 {Mar},
	OPTnote = 		 {\\ {\bf IO}}
}

@Article{GBAY04,
	author = 			 {Zhaoyong Guan, Swadhin K. Behera, Karumuri Ashok, and Toshio Yamagata},
	title = 			 {The Decadal Variation in the {ENSO} Influence on the {Indian Ocean} Sea Surface Temperature},
	journal = 		 {Submitted to the Special issue of Dynamics of Atmosphere and Oceans},
	year = 				 {2004},
	OPTkey = 			 {},
	OPTvolume = 	 {},
	OPTnumber = 	 {},
	OPTpages = 		 {},
	OPTmonth = 		 {},
	OPTnote = 		 {},
	OPTannote = 	 {}
}

@Article{SSS+05,
	author = 			 {Spencer, H. and Sutton, R. and Slingo, J.M. and Roberts, M. and Black, E.},
	title = 			 {{The Indian Ocean climate and dipole variability in the Hadley Centre coupled GCMs}},
	journal = 		 joc,
	year = 				 {2005},
	OPTkey = 			 {},
	volume = 	 {18},
	number = 	 {13},
	pages = 		 {2286-2307},
	OPTmonth = 		 {1 July},
	OPTnote = 		 {},
	OPTannote = 	 {}
}

@Article{SSH+05,
	author = 			 {Slingo, J.M. and Spencer, H. and Hoskins, B. and Berrisford, P. and Black, E.},
	title = 			 {{The meteorology of the western Indian Ocean and the influence of the East African highlands}},
    publisher = {Royal Society Publishing},
	journal = 		 {Phil. Trans. R. Soc. London A},
	year = 				 {2005},
	OPTkey = 			 {},
    volume = {363},
    number = {1826},
    pages = {25-42},
	OPTmonth = 		 {},
	OPTnote = 		 {},
	OPTannote = 	 {}
}

@Article{GS98,
    author  = {Gadgil, S. and Sajani, S.},
    title   = {{Monsoon precipitation in the AMIP runs}},
    journal = cd,
    year    = {1998},
    OPTkey  = {},
    volume  = {14},
    OPTnumber  = {},
    pages   = {659-689},
    OPTmonth = {},
    OPTnote  = {}
}

@Article{SY03a,
    author  = {Saji, N.H. and Yamagata, T.},
    title   = {{Possible impacts of Indian Ocean Dipole mode events on global climate}},
    journal = {Climate Research},
    year    = {2003},
    OPTkey  = {},
    volume  = {25},
    number  = {2},
    pages   = {151-169},
    OPTmonth = {},
    OPTnote  = {}
}

@Article{SY03b,
    author  = {Saji, N.H. and Yamagata, T.},
    title   = {{Structure of SST and surface wind variability during Indian ocean dipole mode events: COADS observations}},
    journal = joc,
    year    = {2003},
    OPTkey  = {},
    volume  = {16},
    number  = {16},
    pages   = {2735-2751},
    OPTmonth = {},
    OPTnote  = {}
}

@Article{WS01,
    author  = {Wajsowicz, R.C. and Schneider, E.K.},
    title   = {{The Indonesian throughflow's effect on global climate determined from the COLA coupled climate system}},
    journal = joc,
    year    = {2001},
    OPTkey  = {},
    volume  = {14},
    number  = {13},
    pages   = {3029-3042},
    OPTmonth = {},
    OPTnote  = {}
}

@Article{WSFB02,
    author  = {Wijffels, S. and Sprintall, J. and Fieux, M. and Bray, N.},
    title   = {{The JADE and WOCE I10/IR6 throughflow sections in the southeast Indian Ocean. Part 1: water mass distribution and variability}},
    journal = drs,
    year    = {2002},
    OPTkey  = {},
    volume  = {49},
    number  = {7-8},
    pages   = {1341-1362},
    OPTmonth = {},
    OPTnote  = {}
}

@Article{SWCB02,
    author  = {Sprintall, J. and Wijffels, S. and Chereskin, T. and Bray, N.},
    title   = {{The JADE and WOCE I10/IR6 Throughflow sections in the southeast Indian Ocean. Part 2: velocity and transports}},
    journal = dsr,
    year    = {2002},
    OPTkey  = {},
    volume  = {49},
    number  = {7-8},
    pages   = {1363-1389},
    OPTmonth = {},
    OPTnote  = {}
}

@Article{SG04,
    author  = {Song, Q. and Gordon, A.L.},
    title   = {{Significance of the vertical profile of the Indonesian Throughflow transport to the Indian Ocean}},
    journal = grl,
    year    = {2004},
    OPTkey  = {},
    volume  = {31},
    number  = {16},
    pages   = {16307-16310},
    OPTmonth = {},
    OPTnote  = {}
}

@Article{AL05,
    author  = {Annamalai, H. and Liu, P.},
    title   = {{Response of the Asian summer monsoon to changes in \elnino\ properties}},
    journal = qjrms,
    year    = {2005},
    OPTkey  = {},
    volume  = {131},
    number  = {607},
    pages   = {805-831},
    OPTmonth = {},
    OPTnote  = {}
}

@Article{JS04,
    author  = {Joseph, P.V. and Sijikumar, S.},
    title   = {{Intraseasonal variability of the low-level jet streem of the Asian summer monsoon}},
    journal = joc,
    year    = {2004},
    OPTkey  = {},
    volume  = {17},
    OPTnumber  = {},
    pages   = {1449-1458},
    OPTmonth = {},
    OPTnote  = {}
}

@Article{KWSI08,
    author  = {Klingaman, N.P. and Weller, H. and Slingo, J.M. and Inness, P.M.},
    title   = {{The intraseasonal variability of the Indian summer monsoon using TMI sea-surface temperatures and ECMWF reanalysis}},
    journal = joc,
    year    = {2008},
    OPTkey  = {},
    volume  = {21},
    number  = {11},
    pages   = {2519-2539},
    OPTmonth = {},
    OPTnote  = {}
}

@Article{KIWS08,
  author = 		 {Klingaman, N.P. and Inness, P.M. and Weller, H. and Slingo, J. M.},
  title = 		 {The importance of high-frequency sea-surface temperature variability to the intraseasonal oscillation of {I}ndian monsoon rainfall},
  journal = 	 joc,
  year = 		 {2008},
  OPTkey = 		 {},
  volume = 	 {21},
  number = 	 {23},
  pages = 	 {6119-6140},
  OPTmonth = 	 {},
  OPTnote = 	 {},
  OPTannote = 	 {}
}


@Article{KWWS11,
  author = 		 {Klingaman, N.P. and Woolnough, S. J. and Weller, H. and Slingo, J. M.},
  title = 		 {The impact of finer-resolution air-sea coupling on the intraseasonal oscillation of the Indian monsoon},
  journal = 	 joc,
  year = 		 {2011},
  OPTkey = 		 {},
  volume = 	 {24},
  number = 	 {10},
  pages = 	 {2451-2468},
  OPTmonth = 	 {},
  OPTnote = 	 {},
  OPTannote = 	 {}
}

@article{KWW+09,
  title = {Coupled simulations of the {Indian} monsoon intraseasonal oscillation using a fine-resolution mixed-layer ocean model},
  author = {Klingaman, N.P. and Weller, J. and Woolnough, S.J. and Inness, P.M. and Slingo, J.M.},
  publisher = {ECMWF},
  year = {2009},
  pages = {195-205},
  note = {Workshop on Ocean-Atmosphere Interactions, 10-12 November 2008 },
  journal = {Proceedings of the ECMWF Workshop on Ocean-Atmosphere Interaction},
  url = {http://centaur.reading.ac.uk/4323/},
}


@Article{WBW+08,
  author = 		 {Willett, M.R. and P. Bechtold and D.L. Williamson and J. C.Petch and S. F. Milton and S.J. Woolnough},
  title = 		 {Modelling suppressed and active convection: Comparisons between three global atmospheric models},
  journal = 	 qjrms,
  year = 		 {2008},
  OPTkey = 		 {},
  OPTvolume = 	 {134},
  OPTnumber = 	 {636},
  OPTpages = 	 {1881-1896},
  OPTmonth = 	 {Oct},
  OPTnote = 	 {},
  OPTannote = 	 {}
}
