@Book{ALD96,
	author = 	 {Allan, R. and Lindesay, J. and Parker, D.},
	title = 			 {{\elnino\ Southern Oscillation and climatic variability}},
	publisher = 	 {CSIRO Publishing},
	year = 				 {1996},
	OPTkey = 			 {},
	OPTvolume = 	 {},
	OPTnumber = 	 {},
	OPTseries = 	 {},
	OPTaddress = 	 {},
	OPTedition = 	 {},
	OPTmonth = 		 {},
	OPTnote = 		 {},
	OPTannote = 	 {}
}

@Book{Phi90,
	author =			 {Philander, S.G.},
	title =				 {\elnino, \lanina\ and the {S}outhern {O}scillation},
	publisher =		 {Academic Press},
	year =				 {1990}
	,OPTnote =				 {}
}

@Book{ALD96,
	author = 	 {Allan, R. and Lindesay, J. and Parker, D.},
	title = 			 {{\elnino\ Southern Oscillation and climatic variability}},
	publisher = 	 {CSIRO Publishing},
	year = 				 {1996},
	OPTkey = 			 {},
	OPTvolume = 	 {},
	OPTnumber = 	 {},
	OPTseries = 	 {},
	OPTaddress = 	 {},
	OPTedition = 	 {},
	OPTmonth = 		 {},
	OPTnote = 		 {},
	OPTannote = 	 {}
}


@Book{Cul06,
  author = 	 {Cullen, M.J.P.},
  title = 		 {A mathematical theory of large scale atmospheric ocean flow},
  publisher = 	 {Imperial College Press},
  year = 		 {2006}
}

@Book{Dur99,
  author = 	 {Durran, D.R.},
  title = 		 {Numerical methods for wave equations in geophysical fluid dynamics},
  publisher = 	 {Springer},
  year = 		 {1999},
  ISBN =         {{0387983767}}
}

@Book{Dur10,
    author = {Durran, D.R.},
    title =  {Numerical Methods for Fluid Dynamics With Applications to Geophysics},
    publisher = {Springer},
    year      = {2010},
    series    = {Texts in Applied Mathematics},
    volume    = {32},
    edition   = {2nd},
    ISBN      = {{1441964118}}
}

@Book{LeVeque12,
    author = {LeVeque, R.J.},
    title =  {Numerical Methods for Conservation Laws},
    publisher = {Springer},
    year      = {2012},
    series    = {Lectures in Mathematics},
    OPTvolume    = {},
    OPTedition   = {},
    ISBN      = {{978-3-0348-8629-1}}
}

@Book{FP96,
  author = 	 {Ferziger, J.H. and Peri\'c, M.},
  title = 		 {Computational Methods for Fluid Dynamics},
  publisher = 	 {Springer},
  year = 		 {1996}
}

@Book{BPB05,
  author = 	 {Byun, D. and Percell, P. and Basak, T},
  ALTeditor = 	 {},
  title = 		 {Application of static adaptive grid techniques for regional-urban multiscale air quality modelling},
  publisher = 	 {Springer-Berlin},
  year = 		 {2005},
  volume = 	 {3515},
  series = 	 {Lecture notes in computer science, 10.1007/b136571}
}

@incollection{BP03,
  title = {Geometric Integration and its Applications},
  booktitle = {Handbook of Numerical Analysis},
  publisher = {Elsevier},
  year = {2003},
  volume = {11},
  pages = {35-139},
  series = {Handbook of Numerical Analysis},
  author = {C.J. Budd and M.D. Piggott}
}

@Book{BS94,
  author = 	 {Brenner, S. and Scott, R.},
  title = 	 {The Mathematical Theory of Finite Element Methods},
  publisher = 	 {Springer-Verlag},
  year = 	 {1994},
}

@Book{NR07,
 author = {Press, W.H. and Teukolsky, S.A. and Vetterling, W.T. and Flannery, B.P.},
 title = {Numerical Recipes 3rd Edition: The Art of Scientific Computing},
 year = {2007},
 isbn = {0521880688, 9780521880688},
 edition = {3},
 publisher = {Cambridge University Press},
 address = {New York, NY, USA},
	url = {http://www.nr.com/fortran}
} 

@Book{OP81,
  author = 	 {Ortega, J.M. and Poole, W.G.},
  ALTeditor = 	 {},
  title = 	 {An Introduction to Numerical Methods for Differential Equations},
  publisher = 	 {Pitman},
  year = 	 {1981},
  OPTkey = 	 {},
  OPTvolume = 	 {},
  OPTnumber = 	 {},
  OPTseries = 	 {},
  OPTaddress = 	 {},
  OPTedition = 	 {},
  OPTmonth = 	 {},
  OPTnote = 	 {},
  OPTannote = 	 {}
}

@incollection{BP03,
  title = {Geometric Integration and its Applications},
  booktitle = {Handbook of Numerical Analysis},
  publisher = {Elsevier},
  year = {2003},
  volume = {11},
  pages = {35-139},
  series = {Handbook of Numerical Analysis},
  author = {C.J. Budd and M.D. Piggott}
}

@Book{HR10,
  author = 	 {Huang, W. and Russell, R.D.},
  ALTeditor = 	 {},
  title = 	 {Adaptive Moving Mesh Methods},
  publisher = 	 {Springer},
  year = 	 {2010},
  OPTkey = 	 {},
  OPTvolume = 	 {},
  OPTnumber = 	 {},
  OPTseries = 	 {},
  OPTaddress = 	 {},
  OPTedition = 	 {},
  OPTmonth = 	 {},
  OPTnote = 	 {},
  OPTannote = 	 {}
}

@Book{Wen05,
  author = 	 {Holger Wendland},
  title = 	 {Scattered Data Approximation},
  publisher = 	 {Cambridge University Press},
  year = 	 {2005},
  series = 	 {Cambridge Monographs on Applied and Computational Mathematics},
}

@Book{Vil09,
  author = 	 {Villani, C.},
  title = 	 {Optimal transport old and new},
  publisher = 	 {Springer},
  year = 	 {2009}
}

@Book{VM95,
  author = 	 {Versteeg, H.K and Malalasekera, W.},
  ALTeditor = 	 {},
  title = 	 {An introduction to Computational Fluid Dynamics},
  publisher = 	 {Longman Scientific and Technical},
  year = 	 {1995},
  OPTkey = 	 {},
  OPTvolume = 	 {},
  OPTnumber = 	 {},
  OPTseries = 	 {},
  OPTaddress = 	 {},
  OPTedition = 	 {},
  OPTmonth = 	 {},
  OPTnote = 	 {},
  OPTannote = 	 {}
}

@Book{Emm94,
  author = 	 {Kerry A. Emanuel},
  title = 	 {Atmospheric Convection},
  publisher = 	 {Oxford University Press},
  year = 	 {1994},
}

@book{Schw08,
  title={Mathematics for the Physical Sciences},
  author={Schwartz, Laurent},
  isbn={9780486466620},
  lccn={2007046748},
  series={Dover Books on Mathematics},
  url={https://books.google.co.uk/books?id=-\_AuDQAAQBAJ},
  year={2008},
  publisher={Dover Publications}
}

@book{PY15,
author = {Plant, R.S. and Yano, J-I},
title = {Parameterization of Atmospheric Convection},
publisher = {Imperial College Press},
year = {2015},
OPTdoi = {10.1142/p1005},
OPTaddress = {},
OPTedition   = {},
OPTURL = {https://www.worldscientific.com/doi/abs/10.1142/p1005},
OPTeprint = {https://www.worldscientific.com/doi/pdf/10.1142/p1005}
}

@Book{McIl95,
  author = 	 {McIlveen, J.F.R.},
  title = 	 {Fundamentals of Weather and Climate},
  publisher = 	 {Chapman \& Hall},
  year = 	 {1995},
  OPTkey = 	 {},
}

@Book{Smi97,
  editor = 	 {Smith, R.K.},
  title = 	 {The Physics and Parameterization of Moist Atmospheric Convection},
  publisher = 	 {Kluwer Academic Publishers},
  year = 	 {1997},
  volume = 	 {505},
  OPTnumber = 	 {},
  series = 	 {Series C: Mathematics ad Physical Sciences}
}

@Book{Rand07,
  editor = 	 {Randall, D.A.},
  title = 	 {General Circulation Model Development. Past, Present, and Future},
  publisher = 	 {Academic Press},
  year = 	 {2007},
  volume = 	 {70},
  series = 	 {International Geophysics Series},
}

@InBook{Kas07,
  author = 	 {Kasahara, A.},
  title = 	 {General Circulation Model Development. Past, Present, and Future},
  chapter = 	 {7. On the Origin of Cumulus Parameterization for Numerical Weather Prediction Models},
  publisher = 	 {Academic Press},
  year = 	 {2007},
  OPTkey = 	 {},
  volume = 	 {70},
  series = 	 {International Geophysics Series}
}

@InBook{Krue07,
  author = 	 {Krueger, S.K.},
  title = 	 {General Circulation Model Development. Past, Present, and Future},
  chapter = 	 {20. Cloud System Modelling},
  publisher = 	 {Academic Press},
  year = 	 {2007},
  OPTkey = 	 {},
  volume = 	 {70},
  series = 	 {International Geophysics Series}
}

@Book{Sten07,
  author = 	 {Stensrud, D.J.},
  title = 	 {Parameterization Schemes. Keys to Understanding Numerical Weather Prediction Models},
  publisher = 	 {Cambridge},
  year = 	 {2007}
}

@Book{Eman94,
  author = 	 {Emanuel, K.A.},
  title = 	 {Atmosheric Convection},
  publisher = 	 {Oxford University Press},
  year = 	 {1994},
  OPTkey = 	 {}
}

@Book{Trap13,
  author = 	 {Trapp, R.J.},
  title = 	 {Mesocale-Convective Processes in the Atmosphere},
  publisher = 	 {Cambridge},
  year = 	 {2013}
}

@Book{LLM16,
  author = 	 {Lohmann, U. and L\"{u}\"{o}nd, F. ad Mahrt, F.},
  title = 	 {An Introduction to Clouds from the Microscale to Climate},
  publisher = 	 {Cambridge},
  year = 	 {2016}
}

@Book{MP08,
  author = 	 {Marshall, J. and Plumb, R.A.},
  title = 	 {Atmosphere, Ocean, and Climate Dynamics: An Introductory Text},
  publisher = 	 {Academic Press},
  year = 	 {2008},
  volume = 	 {93},
  series = 	 {International Geophyics Series},
}

@Book{Shon20,
  author = 	 {Shonk, J.},
  title = 	 {Introducing Meteorology. A Guide to Weather},
  publisher = 	 {Dunedin},
  year = 	 {2020}
}

@Book{LC06,
  author = 	 {Lynch, A.H. and Cassano, J.J.},
  title = 	 {Applied Atmospheric Dynamics},
  publisher = 	 {Wiley},
  year = 	 {2006},
  OPTkey = 	 {},
  OPTvolume = 	 {},
  OPTnumber = 	 {},
  OPTseries = 	 {},
  OPTaddress = 	 {},
  OPTedition = 	 {},
  OPTmonth = 	 {},
  OPTnote = 	 {},
  OPTannote = 	 {}
}

@book{AH15,
  title={Meteorology today: an introduction to weather, climate, and the environment},
  author={Ahrens, C Donald and Henson, Robert},
  year={2015},
  publisher={Cengage Learning Canada Inc}
}

@book{SA15,
  title={Meteorology for scientists and engineers},
  author={Stull, Roland B and Ahrens, C Donald and others},
  year={2000},
  publisher={Brooks/Cole}
}

@book{WH06,
  title={Atmospheric science: an introductory survey},
  author={Wallace, John M and Hobbs, Peter V},
  volume={92},
  year={2006},
  publisher={Elsevier}
}

@Book{Inne10,
  author = 	 {Inness, Peter},
  title = 	 {Understand the Weather},
  publisher = 	 {Teach Yourself},
  year = 	 {2010}
}

Book{,
  ALTauthor = 	 {},
  ALTeditor = 	 {},
  title = 	 {},
  publisher = 	 {},
  year = 	 {},
  OPTkey = 	 {},
  OPTvolume = 	 {},
  OPTnumber = 	 {},
  OPTseries = 	 {},
  OPTaddress = 	 {},
  OPTedition = 	 {},
  OPTmonth = 	 {},
  OPTnote = 	 {},
  OPTannote = 	 {}
}

InBook{,
  ALTauthor = 	 {},
  ALTeditor = 	 {},
  title = 	 {},
  chapter = 	 {},
  publisher = 	 {},
  year = 	 {},
  OPTkey = 	 {},
  OPTvolume = 	 {},
  OPTnumber = 	 {},
  OPTseries = 	 {},
  OPTtype = 	 {},
  OPTaddress = 	 {},
  OPTedition = 	 {},
  OPTmonth = 	 {},
  OPTpages = 	 {},
  OPTnote = 	 {},
  OPTannote = 	 {}
}

Misc{,
  OPTkey = 	 {},
  author = 	 {},
  title = 	 {},
  howpublished = {[Available online at \url{}]},
  month = 	 {},
  year = 	 {},
  note = 	 {cited },
  OPTannote = 	 {}
}

