@String{joc = {J. Climate}}
@String{qjrms = {Quart. J. Roy. Meteor. Soc.}}
@String{grl = {Geophys. Res. Lett.}}
@String{cd = {Climate Dyn.}}
@String{jgr = {J. Geophys. Res.}}
@String{jgro = {J. Geophys. Res. - Oceans}}
@String{jgra = {J. Geophys. Res. - Atmospheres}}
@String{mwr = {Mon. Wea. Rev.}}
@String{jas = {J. of Atmos Sci.}}
@String{jam = {J. Appl. Meteor.}}
@String{bams = {Bull. Amer. Meteor. Soc.}}
@String{jpo = {J. Phys. Oceanogr.}}
@String{aee = {Agriculture Ecosystems and Environment}}
@String{bwho = {Bull. World Health Org.}}
@String{tp = {Trends in Parasitology}}
@String{tel = {Tellus}}
@String{tela = {Tellus A}}
@String{wf = {Wea. Forecasting}}
@String{nat = {Nature}}
@String{jh  = {J. Hydrometeorology}}
@String{bams = {Bull. Amer. Meteor. Soc.}}
@String{asl = {Atmos. Sci. Lett.}}
@String{jmsj = {J. Meteor. Soc, Japan}}
@String{jcp = {J. Comput. Phys.}}
@String{ijnmf = {Int. J. Numer. Meth. Fluids}}
@String{ijnme = {Int. J. Numer. Meth. Engineering}}
@String{cmame = {Comput. Methods Appl. Mech. Eng.}}
@String{anum = {Acta Numerica}}
@String{anm = {Applied Numerical Mathematics}}
@String{asl = {Atmos. Sci. Lett.}}
@String{jfm = {J. Fluid Mechanics}}
@String{jsc = {J. Sci. Comp.}}
@String{SIAMjsc = {SIAM J. Sci. Comp.}}
@String{gmd = {Geosci. Model Dev.}}
@String{gmdd = {Geosci. Model Dev. Discuss.}}
@String{om = {Ocean Model.}}
@String{procRoySocA = {Proc. Roy. Soc. A}}

@Article{WRPW10,
  author = 		 {{\bf Weller, Hilary} and Ringler, T. and Piggott, M. and Wood, N.},
  title = 		 {Challenges Facing Adaptive Mesh Modelling of the Atmosphere and Ocean},
  journal = 	 bams,
  year = 		 {2010},
  OPTkey = 		 {},
  volume = 	 {91},
  number = 	 {1},
  pages = 	 {105-108},
  OPTmonth = 	 {},
  OPTnote = 	 {},
  OPTannote = 	 {}
}

@Article{WW08,
    author  = {{\bf Weller, Hilary} and Weller, H.G.},
    title   = {A high-order arbitrarily unstructured finite-volume model of the
global atmosphere: tests solving the shallow-water equations},
    journal = ijnmf,
    year    = {2008},
    OPTkey  = {},
    volume  = {56},
    number  = {8},
    pages   = {1589-1596},
    OPTmonth = {Mar},
    OPTnote  = {}
}

@Article{WWF09,
    author  = {{\bf Weller, Hilary} and Weller, H.G. and Fournier, A.},
    title   = {Voronoi, {D}elaunay and Block Structured Mesh Refinement for Solution of the Shallow Water Equations on the Sphere},
    journal = mwr,
    year    = {2009},
    OPTkey  = {},
    volume  = {137},
    number  = {12},
    pages   = {4208-4224},
    OPTmonth = {},
    OPTnote  = {}
}

@Article{SBN+09,
  author = 		 {Slingo, J. and Bates, K. and Nikiforakis, N. and
Piggott, M. and Roberts, M. and Shaffrey, L. and Stevens, I. and Vidale, P-L and {\bf Weller, Hilary}},
  title = 		 {Developing the Next Generation Climate System Models: Challenges and Achievements},
  journal = 	 {Phil. Trans. R. Soc. A},
  year = 		 {2009},
  OPTkey = 		 {},
  volume = 	 {367},
  number = 	 {1890},
  pages = 	 {815-831},
  month = 	 {March},
  OPTnote = 	 {http://rsta.royalsocietypublishing.org/content/367/1890/815.abstract},
  OPTannote = 	 {}
}

@Article{Wel09,
  author = 		 {{\bf Weller, Hilary}},
  title = 		 {Predicting Mesh Density for Adaptive Modelling of the Global Atmosphere},
  journal = 	 {Phil. Trans. R. Soc. A},
  year = 		 {2009},
  OPTkey = 		 {},
  volume = 	 {367},
  number = 	 {1907},
  pages = 	 {4523-4542},
  month = 	 {28 Nov},
  OPTnote = 	 {},
  OPTannote = 	 {}
}

@Article{COM+09,
  author = 		 {Challinor, A. and Osborne, T. and Morse, A. and Shaffrey, L. and Wheeler, T. and {\bf Weller, Hilary} and Vidale, P.L.},
  title = 		 {Methods and resources for climate impacts research},
  journal = 	 bams,
  year = 		 {2009},
  OPTkey = 		 {},
  volume = 	 {90},
  number = 	 {6},
  pages = 	 {836-848},
  OPTmonth = 	 {},
  OPTnote = 	 {},
  OPTannote = 	 {}
}

@Article{NW09,
  author = 		 {Nutt, D.R. and {\bf Weller, Hilary}},
  title = 		 {Algorithm for Generating Defective Graphene Sheets},
  journal = 	 {J. Chem. Theory and Computation},
  year = 		 {2009},
  OPTkey = 		 {},
  volume = 	 {5},
  number = 	 {7},
  pages = 	 {1877-1882},
  OPTmonth = 	 {},
  OPTnote = 	 {},
  OPTannote = 	 {}
}

@Article{WTC12,
  author =  {{\bf Weller, Hilary} and Thuburn, J. and Cotter, C.J.},
  title  = 	{Computational Modes and Grid Imprinting on Five Quasi-Uniform Grids of the Sphere},
  journal = mwr,
  year =    {2012},
  OPTkey = 	{},
  volume = 	{140},
  number = 	{8},
  pages =   {2734-2755},
  OPTmonth = {},
  OPTnote =  {},
  OPTannote = {}
}

@Article{Wel12,
  author =  {{\bf Weller, Hilary}},
  title  = 	{Controlling the Computational Modes of the Arbitrarily Structured {C}-grid},
  journal = mwr,
  year =    {2012},
  OPTkey = 	{},
  volume = 	{140},
  number = 	{10},
  pages =   {3220-3234},
  OPTmonth = {},
  OPTnote =  {},
  OPTannote = {}
}

@Article{LWW14,
  author =  {Lock, S.J. and Wood, N. and {\bf Weller, Hilary}},
  title  = 	{Numerical analyses of {Runge-Kutta} implicit-explicit schemes for horizontally-explicit vertically-implicit solutions of atmospheric models},
  journal = qjrms,
  year =    {2014},
  OPTkey = 	{},
  volume = 	{140},
  number = 	{682},
  pages =   {1654-1669},
  OPTmonth = {July},
  OPTnote =  {},
  OPTannote = {}
}

@Article{WLW13,
  author =  {{\bf Weller, Hilary} and Lock, Sarah-Jane and Wood, Nigel},
  title  = 	{{Runge-Kutta IMEX} schemes for the Horizontally Explicit/Vertically Implicit ({HEVI}) solution of wave equations},
  journal = jcp,
  year =    {2013},
  OPTkey = 	{},
  volume = 	{252},
  OPTnumber = 	{},
  pages =   {365-381},
  OPTmonth = {},
  OPTnote =  {},
  OPTannote = {}
}

@Article{Wel14,
  author =  {{\bf Weller, Hilary}},
  title  = 	{Non-orthogonal version of the arbitrary polygonal {C}-grid and a new diamond grid},
  journal = gmd,
  year =    {2014},
  OPTkey = 	{},
  volume = 	{7},
  OPTnumber = 	{},
  pages =   {779-797},
  OPTmonth = {},
  OPTnote =  {},
  OPTannote = {}
}

@Article{WS14,
  author =  {{\bf Weller, Hilary} and Shahrokhi, A.},
  title  = 	{Curl-free pressure gradients over orography in a solution of the fully compressible {Euler} equations with implicit treatment of acoustic and gravity waves},
  journal =mwr,
  year =    {2014},
  OPTkey = 	{},
  volume = 	{in press},
  OPTnumber = 	{},
  OPTpages =   {},
  OPTmonth = {},
  OPTnote =  {},
  OPTannote = {}
}

@TechReport{Wel13a,
  author = 	 {{\bf Weller, Hilary}},
  title = 	 {{Gung Ho Phase I}, Implicit/Explicit Work Package},
  institution =  {University of Reading},
  year = 	 {2013},
  OPTkey = 	 {},
  OPTtype = 	 {},
  OPTnumber = 	 {},
  OPTaddress = 	 {},
  month = 	 {Feb},
  OPTnote = 	 {},
  OPTannote = 	 {}
}

@TechReport{TCF+13,
  author = 	 {Thuburn, J. and Cotter, C.J. and Ford, R. and Melvin, T. and Riley, G. and Staniforth, A. and {\bf Weller, Hilary} and Wood, N.},
  title = 	 {{Gung-Ho Dynamics: Transport schemes - Phase {I} final report}},
  institution =  {Met Office and University of Exeter},
  year = 	 {2013},
  OPTkey = 	 {},
  OPTtype = 	 {},
  OPTnumber = 	 {},
  OPTaddress = 	 {},
  month = 	 {Jan},
  OPTnote = 	 {},
  OPTannote = 	 {}
}

@TechReport{Wel13b,
  author = 	 {{\bf Weller, Hilary}},
  title = 	 {{Gung Ho Phase I}, Shallow Water Test Cases},
  institution =  {University of Reading},
  year = 	 {2013},
  OPTkey = 	 {},
  OPTtype = 	 {},
  OPTnumber = 	 {},
  OPTaddress = 	 {},
  month = 	 {Jan},
  OPTnote = 	 {},
  OPTannote = 	 {}
}

@TechReport{CTW13,
  author = 	 {Cotter, C.J. and Thuburn, J. and Ford, R. and Melvin, T. and Riley, G. and Staniforth, A. and {\bf Weller, Hilary} and Wood, N.},
  title = 	 {Grids Workpackage: {Phase I} Report},
  institution =  {Imperial College London},
  year = 	 {2013},
  OPTkey = 	 {},
  OPTtype = 	 {},
  OPTnumber = 	 {},
  OPTaddress = 	 {},
  month = 	 {Jan},
  OPTnote = 	 {},
  OPTannote = 	 {}
}

@Article{KWSI08,
    author  = {Klingaman, N.P. and {\bf Weller, Hilary} and Slingo, J.M. and Inness, P.M.},
    title   = {{The intraseasonal variability of the Indian summer monsoon using TMI sea-surface temperatures and ECMWF reanalysis}},
    journal = joc,
    year    = {2008},
    OPTkey  = {},
    volume  = {21},
    number  = {11},
    pages   = {2519-2539},
    OPTmonth = {},
    OPTnote  = {}
}

@Article{KIWS08,
  author = 		 {Klingaman, N.P. and Inness, P.M. and {\bf Weller, Hilary} and Slingo, J. M.},
  title = 		 {The importance of high-frequency sea-surface temperature variability to the intraseasonal oscillation of {I}ndian monsoon rainfall},
  journal = 	 joc,
  year = 		 {2008},
  OPTkey = 		 {},
  volume = 	 {21},
  number = 	 {23},
  pages = 	 {6119-6140},
  OPTmonth = 	 {},
  OPTnote = 	 {},
  OPTannote = 	 {}
}

@Article{KWWS11,
  author = 		 {Klingaman, N.P. and Woolnough, S. J. and {\bf Weller, Hilary} and Slingo, J. M.},
  title = 		 {The impact of finer-resolution air-sea coupling on the intraseasonal oscillation of the Indian monsoon},
  journal = 	 joc,
  year = 		 {2011},
  OPTkey = 		 {},
  volume = 	 {24},
  number = 	 {10},
  pages = 	 {2451-2468},
  OPTmonth = 	 {},
  OPTnote = 	 {},
  OPTannote = 	 {}
}

@article{KWW+09,
  title = {Coupled simulations of the {Indian} monsoon intraseasonal oscillation using a fine-resolution mixed-layer ocean model},
  author = {Klingaman, N.P. and Weller, J. and Woolnough, S.J. and Inness, P.M. and Slingo, J.M.},
  publisher = {ECMWF},
  year = {2009},
  pages = {195-205},
  note = {Workshop on Ocean-Atmosphere Interactions, 10-12 November 2008 },
  journal = {Proceedings of the ECMWF Workshop on Ocean-Atmosphere Interaction},
  url = {http://centaur.reading.ac.uk/4323/},
}


@Article{SSS+05,
	author = 			 {{\bf Spencer, Hilary} and Sutton, R. and Slingo, J.M. and Roberts, M. and Black, E.},
	title = 			 {{The Indian Ocean climate and dipole variability in the Hadley Centre coupled GCMs}},
	journal = 		 joc,
	year = 				 {2005},
	OPTkey = 			 {},
	volume = 	 {18},
	number = 	 {13},
	pages = 		 {2286-2307},
	OPTmonth = 		 {1 July},
	OPTnote = 		 {},
	OPTannote = 	 {}
}

@Article{SSH+05,
	author = 			 {Slingo, J.M. and {\bf Spencer, Hilary} and Hoskins, B. and Berrisford, P. and Black, E.},
	title = 			 {{The meteorology of the western Indian Ocean and the influence of the East African highlands}},
    publisher = {Royal Society Publishing},
	journal = 		 {Phil. Trans. R. Soc. London A},
	year = 				 {2005},
	OPTkey = 			 {},
    volume = {363},
    number = {1826},
    pages = {25-42},
	OPTmonth = 		 {},
	OPTnote = 		 {},
	OPTannote = 	 {}
}

@Article{LGWS09,
    author  = {Lloyd, J. and Guilyardi, E. and {\bf Weller, Hilary} and Slingo, J.M.},
    title   = {The Role of Atmospheric Feedbacks During {ENSO} in the {CMIP3} Models},
    journal = asl,
    year    = {2009},
    OPTkey  = {},
    volume  = {10},
    number  = {3},
    pages   = {170-176},
    month = {},
    OPTnote  = {}
}

@Article{LGW11,
  author =  {Lloyd, J. and Guilyardi, E. and {\bf Weller, Hilary}},
  title  = 	{{The role of atmosphere feedbacks during ENSO in the CMIP3 models. Part II: using AMIP runs to understand the heat flux feedback mechanisms}},
  journal = cd,
  year =    {2011},
  OPTkey = 	{},
  volume = 	{37},
  number = 	{7-8},
  pages =   {1271-1292},
  OPTmonth = {},
  OPTnote =  {},
  OPTannote = {}
}

@Article{LGW12,
  author =  {Lloyd, J. and Guilyardi, E. and {\bf Weller, Hilary}},
  title  = 	{{The role of atmosphere feedbacks during ENSO in the CMIP3 models. Part III: the shortwave flux feedback}},
  journal = joc,
  year =    {2012},
  OPTkey = 	{},
  volume = 	{25},
  number = 	{12},
  pages =   {4275-4293},
  OPTmonth = {},
  OPTnote =  {},
  OPTannote = {}
}

@Article{SS03,
	author = 			 {{\bf Spencer, Hilary} and Slingo, J.M.},
	title = 			 {{The simulation of peak and delayed ENSO teleconnections}},
	journal = 		 joc,
	year = 				 {2003},
	OPTkey = 			 {},
	volume = 	 {16},
	number = 	 {11},
	pages = 		 {1757-1774},
	OPTmonth = 		 {},
	OPTnote = 		 {\\ {\bf SP}}
}

@Article{SSD04,
	author = 			 {{\bf Spencer, Hilary} and Slingo, J.M. and Davey, M.},
	title = 			 {{Seasonal predictability of ENSO teleconnections: the role of the remote ocean response}},
	journal = 				 cd,
	OPTkey = 			 {},
	volume = 	 {22},
	number = 	 {4},
	pages = 		 {511-526},
	OPTmonth = 		 {},
	year = 		 {2004},
	OPTannote = 	 {}
}

@Unpublished{Spe00a,
	    author = 			 {{\bf Spencer, Hilary}},
	    year = 		 {2000},
	    OPTmonth = 		 {May},
	    title = 			 {{Analysis of the \elnino /\lanina\ Cycle using the GISST data set}},
	    OPTkey = 			 {},
	    OPTnote = 				 {Meteorology Department, University of Reading, internal report}
    }

    @Unpublished{Spe00b,
	    author = 			 {{\bf Spencer, Hilary}},
	    year = 		 {2000},
	    OPTmonth = 		 {Sept},
	    title = 			 {{A Simulation of \elnino\ and non-\elnino\ Perpetual Januaries}},
	    OPTkey = 			 {},
	    OPTnote = 				 {Meteorology Department, University of Reading, internal report}
    }

    @Unpublished{Spe00c,
	    author = 			 {{\bf Spencer, Hilary}},
	    year = 		 {2000},
	    OPTmonth = 		 {June},
	    title = 			 {{First Thesis Committee Report - The Global Effects of \elnino}},
	    OPTkey = 			 {},
	    OPTnote = 				 {Meteorology Department, University of Reading, internal report}
    }

    @Unpublished{Spe00d,
	    author = 			 {{\bf Spencer, Hilary}},
	    year = 		 {2000},
	    OPTmonth = 		 {Dec},
	    title = 			 {{Second Thesis Committee Report - The Global Effects of \elnino}},
	    OPTkey = 			 {},
	    OPTnote = 				 {Meteorology Department, University of Reading, internal report}
    }

@Article{Spe04,
    author  = {{\bf Spencer, Hilary}},
    title   = {{Role of the atmosphere in the seasonal phase locking of \elnino}},
    journal = grl,
    year    = {2004},
    OPTkey  = {},
    volume  = {31},
    OPTnumber  = {},
    pages   = {L24104},
    OPTmonth = {},
    OPTnote  = {}
}

@Article{LBMS06,
    author  = {Lengaigne, M. and Boulanger, J.-P. and Menkes, C. and {\bf Spencer, Hilary}},
    title   = {{Influence of the seasonal cycle on the termination of \elnino\ events in a Coupled General Circulation Model}},
    journal = joc,
    year    = {2006},
    OPTkey  = {},
    volume  = {19},
    number  = {9},
    pages   = {1850-1868},
    OPTmonth = {May},
    OPTnote  = {}
}

@Article{JDB+06,
    OPTauthor  = {Johns, T.C. and Co-authors},
    author  = {Johns, T.C. and Durman, C.F. and Banks, H.T. and Roberts, M.J.  and McLaren, A.J. and Ridley, J.K. and Senior, C.A and Williams, K.D. and Jones, A. and Rickard, G.J. and Cusack, S. and Ingram, W.J. and Crucifix, M. and Sexton, D.M.H. and Joshi, M.M.  and Dong, B-W. and {\bf Spencer, Hilary} and Hill, R.S.R. and Gregory, J.M. and Keen, A.B. and Pardaens, A.K. and Lowe, J.A.  Bodas-Salcedo, A. and Stark, S. and Searl, Y.},
    title   = {{The new Hadley Centre climate model HadGEM1: Evaluation of coupled simulations}},
    journal = joc,
    year    = {2006},
    OPTkey  = {},
    volume  = {19},
    OPTnumber  = {7},
    OPTpages   = {1327-1353},
    OPTmonth = {},
    OPTnote  = {}
}

@Article{SSS07,
	author = 			 {{\bf Spencer, Hilary} and Sutton, R. and Slingo, J.M.},
	title = 			 {{\elnino\ in a Coupled Climate Model:
Sensitivity to changes in mean state induced by heat flux and wind stress corrections}},
	journal = 		 joc,
	year = 				 {2007},
	OPTkey = 			 {},
	volume = 	 {20},
	number = 	 {10},
	pages = 		 {2273-2298},
	OPTmonth = 		 {May},
	OPTnote = 		 {},
	OPTannote = 	 {}
}

@techreport{SGH+03,
           month = {September},
            type = {Technical Report},
           title = {How good is the Hadley Centre climate model? Research at CGAM on identifying and understanding model systematic errors: 1999-2002 - CGAM/NCAS Report},
          author = {J.M. Slingo and E. Guilyardi and K.I. Hodges and B.J. Hoskins and P.M. Inness and D.M. Lawrence and R. Neale and T.M. Osborne and Hilary Spencer and G.Y. Yang},
            year = {2003},
             url = {http://centaur.reading.ac.uk/120/}
}

