@book{box1987,
  title={Empirical model-building and response surfaces.},
  author={Box, George EP and Draper, Norman R},
  year={1987},
  publisher={John Wiley \& Sons}
}


@article{chorin2010implicit,
  title={Implicit particle filters for data assimilation},
  author={Chorin, Alexandre J and Morzfeld, Matthias and Tu, Xuemin},
  journal={arXiv preprint arXiv:1005.4002},
  year={2010}
}


@book{evensen2007,
  title={Data assimilation},
  author={Evensen, Geir},
  year={2007},
  publisher={Springer}
}

@Misc{HSL,
  OPTauthor = 	 {},
  title = 	 {{HSL(2011)}},
  howpublished = {A collection of Fortran codes for large scale scientific computation. http://www.hsl.rl.ac.uk},
  OPTmonth = 	 {},
  OPTyear = 	 {},
  OPTnote = 	 {},
  OPTannote = 	 {}
}

@article{Stewart2008,
author = {Stewart, L. M. and Dance, S. L. and Nichols, N. K.},
title = {Correlated observation errors in data assimilation},
journal = {International Journal for Numerical Methods in Fluids},
volume = {56},
number = {8},
publisher = {John Wiley \& Sons, Ltd.},
issn = {1097-0363},
url = {http://dx.doi.org/10.1002/fld.1636},
doi = {10.1002/fld.1636},
pages = {1521--1527},
keywords = {observation error correlation, Shannon Information Content, degrees of freedom, data assimilation},
year = {2008},
}

@article{nielsen1989,
  title={Coordinating user interfaces for consistency},
  author={Nielsen, Jakob},
  journal={ACM SIGCHI Bulletin},
  volume={20},
  number={3},
  pages={63--65},
  year={1989},
  publisher={ACM}
}

@InProceedings{baker1987,
  author = 	 {Baker, J. E.},
  title = 	 {{Reducing Bias and Inefficiency in the Selection Algorithms}},
  OPTcrossref =  {},
  OPTkey = 	 {},
  booktitle = {Proceedings of the Second International Conference on Genetic Algorithms and their Application},
  pages = 	 {14-21},
  year = 	 {1987},
  OPTeditor = 	 {},
  OPTvolume = 	 {},
  OPTnumber = 	 {},
  OPTseries = 	 {},
  address = 	 {Hillsdale, New Jersey, US},
  OPTmonth = 	 {},
  OPTorganization = {},
  publisher = {Lawrence Erlbaum Associates},
  OPTnote = 	 {},
  OPTannote = 	 {}
}

@book{behrens2006,
  title={Adaptive atmospheric modeling: key techniques in grid generation, data structures, and numerical operations with applications},
  author={Behrens, J{\"o}rn},
  year={2006},
  publisher={Springer}
}

@Misc{DIAMET,
  OPTkey = 	 {},
  author = 	 {DIAMET},
  title = 	 {{DIAbatic influences on Mesoscale structures in ExTratropical storms}},
  note = {http://www.ncas.ac.uk/index.php/en/diamet-introduction},
  OPThowpublished = {},
  OPTmonth = 	 {},
  year = 	 {2013},
  OPTnote = 	 {},
  OPTannote = 	 {}
}

@Misc{sesam,
  OPTkey = 	 {},
  author = 	 {Brankart, J. and Testut, C. and Parent, L.},
  title = 	 {An integrated system of sequential assimilation modules: sesam reference manual},
  note = {http://lgge.osug.fr/meom/Outils/SESAM/sesam.html},
  howpublished = {Tech. Rep., Office Note. LEGI/MEOM, Grenoble, France},
  OPTmonth = 	 {},
  year = 	 {2002},
  OPTnote = 	 {},
  OPTannote = 	 {}
}

@Misc{oak,
  OPTkey = 	 {},
  author = 	 {Alexander Barth and Luc Vandenbulcke},
  title = 	 {Ocean Assimilation Kit},
  note = {{http://modb.oce.ulg.ac.be/mediawiki/index.php/Ocean\_Assimilation\_Kit}},
  OPThowpublished = {},
  OPTmonth = 	 {},
  year = 	 {2013},
  OPTnote = 	 {},
  OPTannote = 	 {}
}

@Misc{OpenDA,
  OPTkey = 	 {},
  author = 	 {OpenDA},
  title = 	 {{The OpenDA data-assimilation toolbox}},
  note = {http://www.openda.org},
  OPThowpublished = {},
  OPTmonth = 	 {},
  year = 	 {2013},
  OPTnote = 	 {},
  OPTannote = 	 {}
}

@Misc{AMDAR,
  OPTkey = 	 {},
  author = 	 {AMDAR},
  title = 	 {{The World Meterological Organisation Aircraft Meteorological DAta Relay Observing System}},
  note = {http://www.wmo.int/pages/prog/www/GOS/ABO/AMDAR/},
  OPThowpublished = {},
  OPTmonth = 	 {},
  year = 	 {2013},
  OPTnote = 	 {},
  OPTannote = 	 {}
}

@Misc{UAV,
  title ={{QuestUAV, manufacturer of small Unmanned Airborne Vehicles}},
  note = {http://www.questuav.com}
}



@Article{Browne2015,
  author = 	 {\textbf{P.A. Browne} and S. Wilson},
  title = 	 {A simple framework for integrating a complex model into an ensemble data assimilation system using {MPI}.},
  journal = 	 {Environmental Modelling \& Software},
  note = 	 {Awaiting publication},
  year = {2015}
}

@Article{Rudd,
  author = 	 {L. H. Baker and A. C. Rudd and S. Migliorini  and R. N. Bannister},
  title = 	 {Representation of model error in a convective-scale ensemble prediction system},
  journal = 	 {Nonlinear Processes in Geophysics},
  year = {2013},
  note = 	 {Under Review},
}

inproceedings{Lees-Miller,
%    author = {Lees-Miller, John D. and Wilson, R. Eddie and Box, Simon},
%    booktitle = {TRB 92nd Annual Meeting Compendium of Papers},
%    citeulike-article-id = {11196513},
%    posted-at = {2012-09-07 08:04:00},
%    priority = {2},
%    title = {{Hidden Markov Models for Vehicle Tracking with Bluetooth}},
%    year = {2013}
}
@Article{Simonin2013b,
  author = 	 {David Simonin and Zhihong Li and Sue Ballard and Jean-Francois Caron},
  title = 	 {{Performance of {4DVar} NWP-based Nowcasting at the Met Office for Summer 2012}},
  journal = 	 {Quarterly Journal of the Royal Meteorological Society},
  year = 	 {2013},
  OPTkey = 	 {},
  OPTvolume = 	 {},
  OPTnumber = 	 {},
  OPTpages = 	 {},
  OPTmonth = 	 {},
  note = 	 {In preparation},
  OPTannote = 	 {}
}

@Article{Simonin2013,
  author = 	 {D. Simonin and  S. Ballard and Z Li},
  title = 	 {{Convective-scale Doppler radar radial wind assimilation using a 1.5km resolution version of the Met Office Unified Model and 3D-Variational Data Assimilation System for Nowcasting}},
  journal = 	 {Quarterly Journal of the Royal Meteorological Society},
  year = 	 {2013},
  OPTkey = 	 {},
  OPTvolume = 	 {},
  OPTnumber = 	 {},
  OPTpages = 	 {},
  OPTmonth = 	 {},
  note = 	 {Under review},
  OPTannote = 	 {}
}

@Article{Goulding2013,
  author = 	 {B. W. Golding and S. P. Ballard and K. Mylne and N. Roberts and A. Saulter and C. Wilson and P. Agnew and L. S. Davis andJ. Trice and C. Jones and D. Simonin and Z. Li and C. Pierce and A. Bennett and M. Weeks and S. Moseley},
  title = 	 {{Forecasting capabilities for the London 2012 Olympics}},
  journal = 	 {Bulletin of the American Meteorological Society},
  year = 	 {2013},
  OPTkey = 	 {},
  OPTvolume = 	 {},
  OPTnumber = 	 {},
  OPTpages = 	 {},
  OPTmonth = 	 {},
  note = 	 {Under review},
  OPTannote = 	 {}
}

@InBook{Pieterse1999,
  editor = 	 {Vreda Pieterse and Paul E. Black},
  title = 	 {Algorithms and Theory of Computation Handbook},
  chapter = 	 {single program multiple data},
  publisher = 	 {CRC Press LLC},
  year = 	 {1999},
  OPTkey = 	 {},
  OPTvolume = 	 {},
  OPTnumber = 	 {},
  OPTseries = 	 {},
  OPTtype = 	 {},
  OPTaddress = 	 {},
  OPTedition = 	 {},
  OPTmonth = 	 {},
  OPTpages = 	 {},
  OPTnote = 	 {},
  OPTannote = 	 {}
}
@inproceedings{librsb,
  author    = {Michele Martone and
               Salvatore Filippone and
               Salvatore Tucci and
               Marcin Paprzycki and
               Maria Ganzha},
  title     = {Utilizing Recursive Storage in Sparse Matrix-Vector Multiplication
               - Preliminary Considerations},
  booktitle = {CATA},
  year      = {2010},
  pages     = {300-305},
  crossref  = {DBLP:conf/cata/2010},
  bibsource = {DBLP, http://dblp.uni-trier.de}
}

@proceedings{DBLP:conf/cata/2010,
  editor    = {Thomas Philips},
  title     = {Proceedings of the ISCA 25th International Conference on
               Computers and Their Applications, CATA 2010, March 24-26,
               2010, Sheraton Waikiki Hotel, Honolulu, Hawaii, USA},
  booktitle = {CATA},
  publisher = {ISCA},
  year      = {2010},
  isbn      = {978-1-880843-75-8},
  bibsource = {DBLP, http://dblp.uni-trier.de}
}

@Article{Browne2015c,
  author = 	 {\textbf{P.A. Browne}},
  title = 	 {On the impact of enforcing equal weights in a particle filter on forecast performance},
  journal = 	 {},
  note = 	 {In Preparation},
  year = {2015}
}

@Article{Browne2015a,
  author = 	 {\textbf{P.A. Browne} and P.J. van Leeuwen},
  title = 	 {Twin experiments with the equivalent weights particle filter and {HadCM3}},
  journal = 	 {},
  note = 	 {Under Review},
  year = {2015}
}

@Article{Browne2015b,
  author = 	 {H. Weller and S. Cavany and \textbf{P.A. Browne}},
  title = 	 {Achieving Local Refinement with Voronoi Grids},
  journal = 	 {},
  note = 	 {In Preparation},
  year = {2015}
}

@Article{Lang2015,
  author =       {M. Lang and P.J. van Leeuwen and \textbf{P.A.} \textbf{Browne}},
  title =        {Improving model parameterisations through Data Assimilation},
  journal =      {},
  note =         {In Preparation},
  year = {2015}
}

@book{ipccar4,
  title={Climate change 2007-the physical science basis: Working group I contribution to the fourth assessment report of the IPCC},
  author={Solomon, Susan},
  volume={4},
  year={2007},
  publisher={Cambridge University Press}
}


@article{ipccar5,
  title={Climate change 2013: The physical science basis},
  author={Stocker, Thomas F and Qin, Dahe and Plattner, Gian-Kasper and Tignor, M and Allen, Simon K and Boschung, Judith and Nauels, Alexander and Xia, Yu and Bex, Vincent and Midgley, Pauline M},
  journal={Intergovernmental Panel on Climate Change, Working Group I Contribution to the IPCC Fifth Assessment Report (AR5)(Cambridge Univ Press, New York)},
  year={2013}
}

@article{Weller2015,
note = {In Preparation},
author = {Weller, H. and \textbf{P.A. Browne}. and Budd, C. and Cullen, M.},
title = {{Numerical Solution of the Monge-Amp\`{e}re Equation on the Sphere for Mesh Generation by Optimal Transport}},
year = {2015}
}


@Book{		  villani2003,
  title		= {Topics in optimal transportation},
  author	= {C{\'e}dric Villani},
  number	= {58},
  year		= {2003},
  publisher	= {American Mathematical Soc.}
}

@Article{	  brenier1991,
  author	= {Brenier, Yann},
  file		= {:home/pbrowne/Documents/Mendeley/Brenier/1991/Brenier -
		  1991 - Polar Factorization and Monotone Rearrangement of
		  Vector-Valued Functions.pdf:pdf},
  journal	= {Communications on Pure and Applied Mathematics},
  pages		= {375--417},
  title		= {{Polar Factorization and Monotone Rearrangement of
		  Vector-Valued Functions}},
  volume	= {XLIV},
  year		= {1991}
}

@Article{	  mccann2001,
  author	= {McCann, RJ},
  doi		= {10.1007/PL00001679},
  file		= {:home/pbrowne/Documents/Mendeley/McCann/2001/McCann - 2001
		  - Polar factorization of maps on Riemannian
		  manifolds.pdf:pdf},
  journal	= {Geometric \& Functional Analysis GAFA},
  number	= {3},
  pages		= {589--608},
  title		= {{Polar factorization of maps on Riemannian manifolds}},
  url		= {http://link.springer.com/article/10.1007/PL00001679},
  volume	= {11},
  year		= {2001}
}

@Article{	  ahmad2004,
  title		= {The geometry of shape recognition via the
		  Monge-Kantorovich optimal transport problem},
  author	= {Ahmad, Najma},
  year		= {2004},
  publisher	= {Brown University}
}

@Book{		  villani2003,
  title		= {Topics in optimal transportation},
  author	= {C{\'e}dric Villani},
  number	= {58},
  year		= {2003},
  publisher	= {American Mathematical Soc.}
}


