
@article{Thu08c,
Author = {Thuburn, J.},
Title = {{A fully implicit, mass-conserving, semi-Lagrangian scheme for the
   f-plane shallow-water equations}},
Journal = ijnmf,
Year = {2008},
Volume = {56},
Number = {8},
Pages = {1047-1059},
Month = {Mar},
Note = {{9th ICFD Conference on Numerical Methods for Fluid Dynamics, Reading,
   ENGLAND, 2007}},
Type = {{Proceedings Paper}},
DOI = {{10.1002/fld.1697}},
ISSN = {{0271-2091}}
}
