% BGEA abreviabtions
%@String{aee = {Agriculture Ecosystems and Environment}}
%@String{ag = {Ann Geophys}}
%@String{asl = {Atmos Sci Lett}}
%@String{bams = {Bull Am Meteorol Soc}}
%@String{bwho = {Bull World Health Org}}
%@String{cd = {Clim Dyn}}
%@String{dsr = {Deep-Sea Res}}
%@String{gaos = {Global Atmos Ocean Syst}}
%@String{grl = {Geophys Res Lett}}
%@String{ijc = {Int J Climatol}}
%@String{jam = {J Appl Meteorol}}
%@String{jas = {J Atmos Sci}}
%@String{jgr = {J Geophys Res}}
%@String{jgra = {J Geophys Res}}
%@String{jgro = {J Geophys Res}}
%@String{jh  = {J Hydrometeorol}}
%@String{jmsj = {J Meteor Soc Japan}}
%@String{joc = {J Clim}}
%@String{jpo = {J Phys Oceanogr}}
%@String{mwr = {Mon Weather Rev}}
%@String{nat = {Nature}}
%@String{qjrms = {Q J R Meteorol Soc}}
%@String{tel = {Tellus}}
%@String{tp = {Trends in Parasitology}}
%@String{wf = {Wea Forecasting}}
%@String{cmame = {Comput. Methods Appl. Mech. Eng.}}

%@String{joc = {Journal of Climate}}
%@String{qjrms = {Quarterly Journal of the Royal Meteorological
%                  Society}}
%@String{grl = {Geophysical Research Letters}}
%@String{cd = {Climate Dynamics}}
%@String{jgr = {Journal of Geophysical Research}}
%@String{jgro = {Journal of Geophysical Research - Oceans}}
%@String{jgra = {Journal of Geophysical Research - Atmospheres}}
%@String{mwr = {Monthly Weather Review}}
%@String{jas = {Journal of Atmospheric Science}}
%@String{jam = {Journal of Applied Meteorology}}
%@String{bams = {Bulletin of the American Meteorological Society}}
%@String{jpo = {Journal of Physical Oceanography}}
%@String{aee = {Agriculture Ecosystems and Environment}}
%@String{bwho = {Bulletin of the World Health Organization}}
%@String{tp = {Trends in Parasitology}}
%@String{tel = {Tellus}}
%@String{wf = {Weather and Forecasting}}
%@String{nat = {Nature}}
%@String{jh  = {Journal of Hydrometeorology}}
%@String{bams = {Bulletine of the American Meteorological Society}}
%@String{asl = {Atmospheric Science Letters}}
%@String{jmsj = {Journal of the Meteorological Society of Japan}}
%@String{jcp = {Journal of Computational Physics}}
%@String{ijnmf = {International Journal for Numerical Methods in Fluids}}
%@String{cmame = {Computer Methods in Applied Mechanics and Engineering}}
