%%%%%%%%%%%%%%%%%%%%%%%%%%%%%%%
%%%%%   2020       %%%%%%%%%%%%
%%%%%%%%%%%%%%%%%%%%%%%%%%%%%%%

@Misc{Cambridge20,
    OPTauther = {Weller, H.},
    OPTtitle = {Numerical Methods for Atmospheric Modelling Including Transport},
    howpublished = {{Seminar at the Department of Chemistry, Cambridge}},
    month = {Feb},
    year = {2020}
}

@Misc{FVCA9_20,
    OPTauther = {Weller, H.},
    OPTtitle = {Multi-fluid modelling of atmospheric convection},
    howpublished = {{Workshop on Finite Volumes for Complex Applications IX Bergen, Norway}},
    month = {15-19 June},
    year = {2020}
}

@Misc{ECMWF20,
    OPTauther = {Weller, H.},
    OPTtitle = {Transport schemes for weather and climate models},
    howpublished = {{ECMWF Annual Seminar}},
    month = {14-18 Sept},
    year = {2020}
}

%%%%%%%%%%%%%%%%%%%%%%%%%%%%%%%
%%%%%   2019       %%%%%%%%%%%%
%%%%%%%%%%%%%%%%%%%%%%%%%%%%%%%

@Misc{Hamburg19,
    OPTauther = {Weller, H.},
    OPTtitle = {Multi-fluid modelling for atmospheric convection},
    howpublished = {{Seminar at the University of Hamburg}},
    month = {18 Dec},
    year = {2019}
}

%%%%%%%%%%%%%%%%%%%%%%%%%%%%%%%
%%%%%   2018       %%%%%%%%%%%%
%%%%%%%%%%%%%%%%%%%%%%%%%%%%%%%

@Misc{ECMWF18,
    OPTauther = {Weller, H.},
    OPTtitle = {Coupling Convection with the Continuity Equation â€“ a Multi-fluid approach},
    howpublished = {{Workshop at ECMWF, Reading}},
    month = {11 July},
    year = {2018}
}

@Misc{Jamboree18,
    OPTauther = {Weller, H.},
    OPTtitle = {Adaptive Modelling of the Atmosphere using Optimal Transport},
    howpublished = {{Mathematics for Planet Earth Centre for Doctoral Training Jamboree}},
    month = {21 March},
    year = {2018}
}

%%%%%%%%%%%%%%%%%%%%%%%%%%%%%%%
%%%%%   2017       %%%%%%%%%%%%
%%%%%%%%%%%%%%%%%%%%%%%%%%%%%%%

@Misc{DAMPT17,
    OPTauther = {Weller, H.},
    OPTtitle = {Optimal Transport and Mesh Adaptivity for Global Atmospheric Modelling},
    howpublished = {{Seminar at DAMPT, Cambridge}},
    month = {10 Feb},
    year = {2017}
}

@Misc{UEA17,
    OPTauther = {Weller, H.},
    OPTtitle = {Adaptive Modelling of the Atmosphere using Optimal Transport},
    howpublished = {{Seminar at University of East Anglia}},
    month = {12 May},
    year = {2017}
}

%%%%%%%%%%%%%%%%%%%%%%%%%%%%%%%
%%%%%   2016       %%%%%%%%%%%%
%%%%%%%%%%%%%%%%%%%%%%%%%%%%%%%

@Misc{DCMIP16,
    OPTauther = {Weller, H.},
    OPTtitle = {Time-stepping, numerical stability, dispersion and conservation},
    howpublished = {{Lecture series at DCMIP workshop}},
    month = {6-10 June},
    year = {2016}
}

@Misc{Fields16,
    OPTauther = {Weller, H.},
    OPTtitle = {Optimally transported meshes on the Sphere for Global Atmospheric Modelling},
    howpublished = {{Fields Institute Workshop}},
    month = {25-29 April},
    year = {2016}
}

%%%%%%%%%%%%%%%%%%%%%%%%%%%%%%%
%%%%%   2015       %%%%%%%%%%%%
%%%%%%%%%%%%%%%%%%%%%%%%%%%%%%%

@Misc{BathCliMathNet15,
    OPTauther = {Weller, H.},
    OPTtitle = {Mesh generation on the sphere using Optimal Transport},
    howpublished = {{CliMathNet Conference}},
    month = {July},
    year = {2015}
}

@Misc{Dres15,
    OPTauther = {Weller, H.},
    OPTtitle = {Semi-implicit solutions of the fully compressible
{Euler} equations with curl-free pressure gradients},
    howpublished = {{Parallel In Time Workshop, University of Dresden}},
    month = {May},
    year = {2015}
}

@Misc{ICMS15,
    OPTauthor = {Weller, H.},
    OPTtitle = {{Numerical Solution of the Monge-Amp{\`e}re Equation on the Sphere for moving meshes and Curl-free Pressure Gradients}},
    howpublished = {{ICMS workshop, Edinburgh}},
    month = {Mar},
    year = {2015}
}

@Misc{SIAMcse15,
    OPTauthor = {Weller, H. and Shaw, J.},
    OPTtitle = {Terrain Following and Cut-Cells using a model with Curl-free Pressure Gradients},
    howpublished = {{Invited talk at SIAM CSE conference, Salt Lake City}},
    month = {Mar},
    year = {2015}
}

%%%%%%%%%%%%%%%%%%%%%%%%%%%%%%%
%%%%%   2014       %%%%%%%%%%%%
%%%%%%%%%%%%%%%%%%%%%%%%%%%%%%%

@Misc{Bath14,
    OPTauthor = {Weller, H.},
    OPTtitle = {Unstructured Meshes and r-Adaptivity for Atmospheric Models},
    howpublished = {{Seminar at University of Bath}},
    month = {Nov},
    year  = {2014}
}

@Misc{NAISEdinburgh14,
    OPTauthor = {Weller, H.},
    OPTtitle = {Numerics for Weather and Climate Forecasting on Modern Computers},
    howpublished = {{Symposium at NAIS, Edinburgh}},
    month = {Apr},
    year = {2014}
}

@Misc{WCCMBarcelona14,
    OPTauthor = {Weller, H.},
    OPTtitle = {A mimetic discretisation of the fully compressible Euler equations over orography with implicit treatment of acoustic and gravity waves},
    howpublished = {{WCCM Conference, Barcelona}},
    month = {Jul},
    year = {2014}
}

@Misc{SIAMstudentReading14,
    OPTauthor = {Weller, H.},
    OPTtitle = {New mathematical techniques for weather and climate prediction},
    howpublished = {{SIAM Student Chapter}},
    month = {Sept},
    year = {2014}
}

%%%%%%%%%%%%%%%%%%%%%%%%%%%%%%%
%%%%%   2013       %%%%%%%%%%%%
%%%%%%%%%%%%%%%%%%%%%%%%%%%%%%%

@Misc{MPEInnsbruck13,
    OPTauthor = {Weller, H.},
    OPTtitle = {Atmospheric Modelling on Arbitrary Grids},
    howpublished = {{OEMG DMV Congress, Innsbruck}},
    month = {Sept},
    year = {2013}
}

@Misc{CotterIC13,
    OPTauthor = {Weller, H.},
    OPTtitle  = {Non-orthogonal {C-grid}, a Diamond Grid and Multiresolution},
    howpublished = {{Grantham Institute workshop, Imperial College London}},
    month = {Oct},
    year  = {2013}
}

@Misc{NOCLiverpool13,
	OPTauthor = 	 {Weller, H.},
	OPTtitle = 		 {{Atmospheric Modelling on Arbitrary Grids}},
	howpublished = {{Seminar at NOC, Liverpool}},
	month = 		 {March},
	year = 		 {2013}
}

%%%%%%%%%%%%%%%%%%%%%%%%%%%%%%%
%%%%%   2012       %%%%%%%%%%%%
%%%%%%%%%%%%%%%%%%%%%%%%%%%%%%%

@Misc{WelshMaths12,
	OPTauthor = 	 {Weller, H.},
	OPTtitle = 		 {{The Dynamical Core of a Climate Model for next generation computer architectures}},
	howpublished = {{Welsh Mathematics Colloquium}},
	month = 		 {May},
	year = 		 {2012}
}

%%%%%%%%%%%%%%%%%%%%%%%%%%%%%%%
%%%%%   2011       %%%%%%%%%%%%
%%%%%%%%%%%%%%%%%%%%%%%%%%%%%%%

@Misc{Links11,
	OPTauthor = 	 {Weller, H.},
	OPTtitle = 		 {{Gung-Ho: Designing a New Weather and Climate Forecasting Model}},
	howpublished = {{Parliamentary Links Day}},
	month = 		 {June},
	year = 		 {2011}
}

@Misc{LMS11,
	OPTauthor = 	 {Weller, H.},
	OPTtitle = 		 {{How Climate Models Work}},
	howpublished = {{London Mathematical Society Popular Lecture}},
	month = 		 {Sept},
	year = 		 {2011}
}

@Misc{NCAS11,
	OPTauthor = 	 {Weller, H.},
	OPTtitle = 		 {{Gung-Ho: The UM Dynamical Core Project}},
	howpublished = {{NCAS conference}},
	month = 		 {Jul},
	year = 		 {2011}
}

%%%%%%%%%%%%%%%%%%%%%%%%%%%%%%%
%%%%%   2010       %%%%%%%%%%%%
%%%%%%%%%%%%%%%%%%%%%%%%%%%%%%%

@Misc{Ex10,
	OPTauthor = 	 {Weller, H.},
	OPTtitle = 		 {{}},
	howpublished = {{Exeter University, School of Engineering, Computing and Mathematics}},
	month = 		 {Nov},
	year = 		 {2010}
}

%%%%%%%%%%%%%%%%%%%%%%%%%%%%%%%
%%%%%   2009       %%%%%%%%%%%%
%%%%%%%%%%%%%%%%%%%%%%%%%%%%%%%

@Misc{War09,
	OPTauthor = 	 {Weller, H.},
	OPTtitle = 		 {{}},
	howpublished = {{EPSRC Symposium ``Challenges in Scientific Computing''
Capstone Conference in Warwick}},
	month = 		 {July},
	year = 		 {2009}
}

@Misc{Bath09,
	OPTauthor = 	 {Weller, H.},
	OPTtitle = 		 {{Adaptive Mesh Modelling of the Global Atmosphere}},
	howpublished = {{University of Bath, Mathematical Sciences}},
	month = 		 {May},
	year = 		 {2009}
}


%%%%%%%%%%%%%%%%%%%%%%%%%%%%%%%
%%%%%   2008       %%%%%%%%%%%%
%%%%%%%%%%%%%%%%%%%%%%%%%%%%%%%

@Misc{StA08,
	OPTauthor = 	 {Weller, H.},
	OPTtitle = 		 {{Adaptive Mesh Modelling of the Global Atmosphere}},
	howpublished = {{St Andrews, Applied Mathematics}},
	month = 		 {Nov},
	year = 		 {2008}
}

%%%%%%%%%%%%%%%%%%%%%%%%%%%%%%%
%%%%%   2006       %%%%%%%%%%%%
%%%%%%%%%%%%%%%%%%%%%%%%%%%%%%%

@Misc{SpeAWE06,
	author = 	 {Weller, H.},
	OPTtitle = 		 {{Adaptive Modelling of the Global Atmosphere using unstructured finite volume techniques}},
	howpublished = {{Seminar, AWE, Aldermaston}},
	month = 		 {April},
	year = 		 {2006}
}

@Misc{AWE06,
	OPTauthor = 	 {Weller, H.},
	OPTtitle = 		 {{Adaptive Modelling of the Global Atmosphere using unstructured finite volume techniques}},
	howpublished = {{AWE, Aldermaston}},
	month = 		 {April},
	year = 		 {2006}
}

@Misc{SpeIC06,
	author = 	 {Spencer, H.},
	OPTtitle = 		 {{Adaptive Modelling of the Global Atmosphere using unstructured finite volume techniques}},
	howpublished = {{Seminar, Imperial College}},
	month = 		 {Feb},
	year = 		 {2006}
}

@Misc{IC06,
	OPTauthor = 	 {Hilary Spencer},
	OPTtitle = 		 {{Adaptive Modelling of the Global Atmosphere using unstructured finite volume techniques}},
	howpublished = {{Imperial College, London}},
	month = 		 {Feb},
	year = 		 {2006}
}

%%%%%%%%%%%%%%%%%%%%%%%%%%%%%%%
%%%%%   2005       %%%%%%%%%%%%
%%%%%%%%%%%%%%%%%%%%%%%%%%%%%%%

@Misc{SpeNOC05,
	author = 	 {Spencer, H.},
	OPTtitle = 		 {{\elnino\ and the Indian Ocean dipole:
sensitivity to coupled model biases}},
	howpublished = {{Seminar, National Oceanography Centre, Southampton}},
	month = 		 {May},
	year = 		 {2005}
}

@Misc{NOC05,
	OPTauthor = 	 {Hilary Spencer},
	OPTtitle = 		 {{\elnino\ and the Indian Ocean dipole:
sensitivity to coupled model biases}},
	howpublished = {{National Oceanography Centre, Southampton}},
	month = 		 {May},
	year = 		 {2005}
}

%%%%%%%%%%%%%%%%%%%%%%%%%%%%%%%
%%%%%   2004       %%%%%%%%%%%%
%%%%%%%%%%%%%%%%%%%%%%%%%%%%%%%

@Misc{SpeHawaii04,
	author = 	 {Hilary Spencer},
	OPTtitle = 		 {{Indian Ocean Variability: the influence of ENSO and
consequences of coupled model systematic errors}},
	howpublished = {{International WCRP Workshop on Indian Ocean Modelling, IPRC, Hawaii}},
	month = 		 {Dec},
	year = 		 {2004}
}

@Misc{Hawaii04,
	OPTauthor = 	 {Hilary Spencer},
	OPTtitle = 		 {{Indian Ocean Variability: the influence of ENSO and
consequences of coupled model systematic errors}},
	howpublished = {{International WCRP Workshop on Indian Ocean Modelling, IPRC, Hawaii}},
	month = 		 {Dec},
	year = 		 {2004}
}

@Misc{SpeCam04,
	author = 	 {Spencer, H.},
	OPTtitle = 		 {{The application of unstructured finite volume techniques to global atmospheric modelling}},
	howpublished = {{International Workshop on Adaptive Grid Methodologies for Environmental Modelling, Centre for Mathematical Sciences, Cambridge, invited talk,   http://www.met.rdg.ac.uk/$^\sim$swr99hs/talks/atmosFoamPresentation/SpencerAtmosFoam.pdf}},
	month = 		 {Dec},
	year = 		 {2004}
}

@Misc{Cam04,
	OPTauthor = 	 {Hilary Spencer},
	OPTtitle = 		 {{The application of unstructured finite volume techniques to global atmospheric modelling}},
	howpublished = {{International Workshop on Adaptive Grid Methodologies for Environmental Modelling, Centre for Mathematical Sciences, Cambridge}},
	month = 		 {Dec},
	year = 		 {2004}
}

@Misc{SpeINDOCLIM04,
	author = 	 {Hilary Spencer},
	OPTtitle = 		 {{Indian Ocean Climate and Dipole Variability in Hadley Centre Coupled GCMs}},
	howpublished = {INDOCLIM workshop, India},
	month = 		 {Feb},
	year = 		 {2004},
	note = 		 {Presented by Julia Slingo}
}

@Misc{INDOCLIM04,
	OPTauthor = 	 {Hilary Spencer},
	OPTtitle = 		 {{Indian Ocean Climate and Dipole Variability in Hadley Centre Coupled GCMs}},
	howpublished = {INDOCLIM workshop, India},
	month = 		 {Feb},
	year = 		 {2004},
	note = 		 {Presented by Julia Slingo}
}

%%%%%%%%%%%%%%%%%%%%%%%%%%%%%%%
%%%%%   2003       %%%%%%%%%%%%
%%%%%%%%%%%%%%%%%%%%%%%%%%%%%%%

@Misc{SpeBAS03,
	author = 	 {Hilary Spencer},
	OPTtitle = 		 {{\elnino\ Teleconnections: The role of the remote ocean, the delayed response and model accuracy}},
	howpublished = {{Seminar at British Antarctic Survey, Cambridge}},
	month = 		 {8 Dec},
	year = 		 {2003}
}

@Misc{BAS03,
	OPTauthor = 	 {Hilary Spencer},
	OPTtitle = 		 {{\elnino\ Teleconnections: The role of the remote ocean, the delayed response and model accuracy}},
	howpublished = {{British Antarctic Survey, Cambridge}},
	month = 		 {8 Dec},
	year = 		 {2003}
}

@Misc{SpeRMSa03,
	author = 	 {Hilary Spencer},
	OPTtitle = 		 {{\elnino\ Teleconnections and the Role of the Indian Ocean}},
	howpublished = {{Royal Meteorological Society meeting on \elnino\ frontiers in research and prediction}},
	month = 		 {15 Oct},
	year = 		 {2003}
}

@Misc{RMSa03,
	OPTauthor = 	 {Hilary Spencer},
	OPTtitle = 		 {{\elnino\ Teleconnections and the Role of the Indian Ocean}},
	howpublished = {{Royal Meteorological Society}},
	month = 		 {Wed 15 Oct},
	year = 		 {2003}
}

@Misc{SpeUEA03,
	author = 	 {Hilary Spencer},
	OPTtitle = 		 {{\elnino\ Teleconnections and the Role of the Indian Ocean}},
	howpublished = {Seminar at UEA, Environmental Sciences},
	month = 		 {10 Oct},
	year = 		 {2003}
}

@Misc{UEA03,
	OPTauthor = 	 {Hilary Spencer},
	OPTtitle = 		 {{\elnino\ Teleconnections and the Role of the Indian Ocean}},
	howpublished = {University of East Anglia},
	month = 		 {10 Oct},
	year = 		 {2003}
}

@Misc{SpeRMSb03,
	author = 	 {Hilary Spencer},
	OPTtitle = 		 {{The Indian Ocean Dipole in Two Coupled GCMs}},
	howpublished = {{Royal Meteorological Society Annual Conference}},
	month = 		 {Sep},
	year = 		 {2003}
}

@Misc{RMSb03,
	OPTauthor = 	 {Hilary Spencer},
	OPTtitle = 		 {{The Indian Ocean Dipole in Two Coupled GCMs}},
	howpublished = {{Royal Meteorological Society Annual Conference}},
	month = 		 {Sep},
	year = 		 {2003}
}

@Misc{SpeIUGGa03,
	author = 	 {Hilary Spencer},
	OPTtitle = 		 {{The Predictability of ENSO Teleconnections: The Role of the Remote Ocean Response}},
	howpublished = {{IUGG Conference, Sapporo}},
	month = 		 {July},
	year = 		 {2003}
}

@Misc{IUGGa03,
	OPTauthor = 	 {Hilary Spencer},
	OPTtitle = 		 {{The Predictability of ENSO Teleconnections: The Role of the Remote Ocean Response}},
	howpublished = {{IUGG Conference, Sapporo}},
	month = 		 {July},
	year = 		 {2003}
}

@Misc{SpeIUGGb03,
	author = 	 {Hilary Spencer},
	OPTtitle = 		 {{The Indian Ocean Dipole in Two Coupled GCMs}},
	howpublished = {{IUGG Conference, Sapporo}},
	month = 		 {July},
	year = 		 {2003}
}

@Misc{IUGGb03,
	OPTauthor = 	 {Hilary Spencer},
	OPTtitle = 		 {{The Indian Ocean Dipole in Two Coupled GCMs}},
	howpublished = {{IUGG Conference, Sapporo}},
	month = 		 {July},
	year = 		 {2003}
}

@Misc{SpeIUGGc03,
	author = 	 {Hilary Spencer},
	OPTtitle = 		 {{Modelling ENSO Teleconnections and Tropical Precipitation Errors}},
	howpublished = {{IUGG Conference, Sapporo}},
	month = 		 {July},
	year = 		 {2003}
}

@Misc{IUGGc03,
	OPTauthor = 	 {Hilary Spencer},
	OPTtitle = 		 {{Modelling ENSO Teleconnections and Tropical Precipitation Errors}},
	howpublished = {{IUGG Conference, Sapporo}},
	month = 		 {July},
	year = 		 {2003}
}

@Misc{SpeCCF03,
	author = 	 {Hilary Spencer},
	OPTtitle = 		 {Is our Climate Changing?},
	howpublished = {Seminar at Christ Church Fellowship, Chelsea},
	month = 		 {Feb},
	year = 		 {2003}
}

@Misc{CCF03,
	OPTauthor = 	 {Hilary Spencer},
	OPTtitle = 		 {Is our Climate Changing?},
	howpublished = {Seminar at Christ Church Fellowship, Chelsea},
	month = 		 {Feb},
	year = 		 {2003}
}

%%%%%%%%%%%%%%%%%%%%%%%%%%%%%%%
%%%%%   2002       %%%%%%%%%%%%
%%%%%%%%%%%%%%%%%%%%%%%%%%%%%%%

@Misc{SpeECMWF02,
	author = 	 {Hilary Spencer},
	OPTtitle = 		 {{The Predictability of ENSO Teleconnections}},
	howpublished = {{Seminar at European Centre for Medium Range Weater Forecasts}},
	month = 		 {24 Oct},
	year = 		 {2002}
}

@Misc{ECMWF02,
	OPTauthor = 	 {Hilary Spencer},
	OPTtitle = 		 {{The Predictability of ENSO Teleconnections}},
	howpublished = {{ECMWF}},
	month = 		 {24 Oct},
	year = 		 {2002}
}

@Misc{SpeHad02,
	author = 	 {Hilary Spencer},
	OPTtitle = 		 {{The Predictability of ENSO Teleconnections}},
	howpublished = {{Seminar at the Hadley Centre}},
	month = 		 {25 Jun},
	year = 		 {2002}
}

@Misc{Had02,
	OPTauthor = 	 {Hilary Spencer},
	OPTtitle = 		 {{The Predictability of ENSO Teleconnections}},
	howpublished = {{Met Office, Hadley Centre}},
	month = 		 {25 Jun},
	year = 		 {2002}
}

@Misc{SpeCOLA02,
	author = 	 {Hilary Spencer},
	OPTtitle = 		 {{The Predictability of ENSO Teleconnections}},
	howpublished = {{Seminar at COLA (Centre for Ocean-Land-Atmosphere Studies), US}},
	month = 		 {19 Apr},
	year = 		 {2002}
}

@Misc{COLA02,
	OPTauthor = 	 {Hilary Spencer},
	OPTtitle = 		 {{The Predictability of ENSO Teleconnections}},
	howpublished = {{COLA, US}},
	month = 		 {19 Apr},
	year = 		 {2002}
}

@Misc{SpeSSF02,
	author = 	 {Hilary Spencer},
	OPTtitle = 		 {{The Influence of \elnino\ on the
circulation over the North Pacific and North America}},
	howpublished = {{Prospects for Sub-seasonal forecasting workshop, NASA Goddard, US}},
	month = 		 {17 Apr},
	year = 		 {2002}
}

@Misc{SSF02,
	OPTauthor = 	 {Hilary Spencer},
	OPTtitle = 		 {{The Influence of \elnino\ on the
circulation over the North Pacific and North America}},
	howpublished = {{Prospects for Sub-seasonal forecasting workshop, NASA Goddard, US}},
	month = 		 {17 Apr},
	year = 		 {2002}
}

%%%%%%%%%%%%%%%%%%%%%%%%%%%%%%%
%%%%%   2001       %%%%%%%%%%%%
%%%%%%%%%%%%%%%%%%%%%%%%%%%%%%%

@Misc{SpeIAMAS01,
	author = 	 {Hilary Spencer, Julia Slingo and Mike Davey},
	OPTtitle = 		 {{The Predictability of ENSO Teleconnections}},
	howpublished = {{IAMAS Conference, Innsbrook}},
	month = 		 {July},
	year = 		 {2001}
}

@Misc{IAMAS01,
	OPTauthor = 	 {Hilary Spencer, Julia Slingo and Mike Davey},
	OPTtitle = 		 {{The Predictability of ENSO Teleconnections}},
	howpublished = {{IAMAS Conference, Innsbrook}},
	month = 		 {July},
	year = 		 {2001}
}
