@String{joc = {J. Climate}}

@Book{WM88,
  author = 	 {Wiggins, G. and McTighe, J.},
  title = 	 {Understanding by Design},
  publisher = 	 {ASCD},
  year = 	 {1988},
  url  =     {ftp://209.118.71.211/joomla15/attachments/038_Understanding Backwards Design.pdf}
}

@Article{JP76,
  author = 	 {Johnstone, A.H. and Percival, F.},
  title = 	 {Attention Breaks in Lectures},
  journal = 	 {Education in Chemistry},
  year = 	 {1976},
  OPTkey = 	 {},
  OPTvolume = 	 {13},
  OPTnumber = 	 {2},
  OPTpages = 	 {49-50},
  OPTmonth = 	 {},
  OPTnote = 	 {Describes research into student attention patterns during lectures that suggests that student attention declines steadily during a lecture, and that the rate of decrease is dependent upon several variables including subject difficulty. (MLH)},
  OPTannote = 	 {},
  OPTdoi    =    {},
  url    =    {http://eric.ed.gov/?id=EJ136799}
}

@Article{Mat08,
  author = 	 {Matheson, C.},
  title = 	 {The educational value and effectiveness of lectures},
  journal = 	 {The Clinical Teacher},
  year = 	 {2008},
  OPTkey = 	 {},
  OPTvolume = 	 {5},
  OPTnumber = 	 {4},
  OPTpages = 	 {218-221},
  OPTmonth = 	 {},
  OPTnote = 	 {},
  OPTannote = 	 {},
  OPTdoi    =    {},
  url    =    {http://onlinelibrary.wiley.com/doi/10.1111/j.1743-498X.2008.00238.x/full}
}

@Article{WK09,
  author = 	 {Wilsona, K. and Korna, J.H.},
  title = 	 {Attention During Lectures: Beyond Ten Minutes},
  journal = 	 {Teaching of Psychology},
  year = 	 {2009},
  OPTkey = 	 {},
  volume = 	 {34},
  number = 	 {2},
  pages = 	 {85-89},
  OPTmonth = 	 {},
  OPTnote = 	 {},
  OPTannote = 	 {},
  OPTdoi    =    {},
  url    =    {http://www.tandfonline.com/doi/abs/10.1080/00986280701291291#.VTZTQDcs_7A}
}

@Article{MS99,
  author = 	 {Mazur, E. and Somers, M.D.},
  title = 	 {Peer Instruction: A User's Manual},
  journal = 	 {Am. J. Phys.},
  year = 	 {1999},
  OPTkey = 	 {},
  OPTvolume = 	 {67},
  OPTnumber = 	 {359},
  OPTpages = 	 {},
  OPTmonth = 	 {},
  OPTnote = 	 {},
  OPTannote = 	 {},
  OPTdoi    =    {},
  OPTurl    =    {http://dx.doi.org/10.1119/1.19265}
}

@Article{Jas11,
  author = 	 {Jaschik, S.},
  title = 	 {Inoculation Against Stereotype},
  journal = 	 {Inside Higer Ed},
  year = 	 {2011},
  OPTkey = 	 {},
  OPTvolume = 	 {},
  OPTnumber = 	 {},
  OPTpages = 	 {},
  OPTmonth = 	 {3 March},
  OPTnote = 	 {},
  OPTannote = 	 {},
  OPTdoi    =    {},
  OPTurl    =    {}
}

@Article{LC06,
  author = 	 {Ngar-Fun Liu, N-F and Carless, D.},
  title = 	 {Peer feedback: the learning element of peer assessment},
  journal = 	 {Teaching in Higher Education},
  year = 	 {2006},
  OPTkey = 	 {},
  OPTvolume = 	 {11},
  OPTnumber = 	 {3},
  OPTpages = 	 {279-290},
  OTPdoi = {10.1080/13562510600680582},
  OPTURL = {http://dx.doi.org/10.1080/13562510600680582},
  OPTeprint = {http://dx.doi.org/10.1080/13562510600680582}
}

Article{,
  author = 	 {},
  title = 	 {},
  journal = 	 {},
  year = 	 {},
  OPTkey = 	 {},
  OPTvolume = 	 {},
  OPTnumber = 	 {},
  OPTpages = 	 {},
  OPTmonth = 	 {},
  OPTnote = 	 {},
  OPTannote = 	 {},
  OPTdoi    =    {},
  OPTurl    =    {}
}


Misc{,
  OPTkey = 	 {},
  author = 	 {},
  title = 	 {},
  howpublished = {[Available online at \url{}]},
  month = 	 {},
  year = 	 {},
  note = 	 {cited },
  OPTannote = 	 {}
}

phdthesis{,
  author = {},
  title  = {},
  school = {},
  year   = {},
  OPTtype = {},
  OPTaddress = {},
  OPTmonth = {},
  OPTnote = {},
  OPTkey  = {}
}

TechReport{,
  author = 	 {},
  title = 	 {},
  institution =  {},
  year = 	 {},
  OPTkey = 	 {},
  OPTtype = 	 {},
  OPTnumber = 	 {},
  OPTaddress = 	 {},
  month = 	 {},
  OPTnote = 	 {},
  OPTannote = 	 {}
}


InBook{,
  ALTauthor = 	 {},
  ALTeditor = 	 {},
  title = 	 {},
  chapter = 	 {},
  publisher = 	 {},
  year = 	 {},
  OPTkey = 	 {},
  OPTvolume = 	 {},
  OPTnumber = 	 {},
  OPTseries = 	 {},
  OPTtype = 	 {},
  OPTaddress = 	 {},
  OPTedition = 	 {},
  OPTmonth = 	 {},
  OPTpages = 	 {},
  OPTnote = 	 {},
  OPTannote = 	 {}
}

Book{,
  ALTauthor = 	 {},
  ALTeditor = 	 {},
  title = 	 {},
  publisher = 	 {},
  year = 	 {},
  OPTkey = 	 {},
  OPTvolume = 	 {},
  OPTnumber = 	 {},
  OPTseries = 	 {},
  OPTaddress = 	 {},
  OPTedition = 	 {},
  OPTmonth = 	 {},
  OPTnote = 	 {},
  OPTannote = 	 {}
}

Misc{,
  OPTkey = 	 {},
  author = 	 {},
  title = 	 {},
  howpublished = {[Available online at \url{}]},
  month = 	 {},
  year = 	 {},
  note = 	 {cited },
  OPTannote = 	 {}
}

