%% LaTeX2e file `pwaLiterature.bib'
%% generated by the `filecontents' environment
%% from source `beamerBibentryTestOrig' on 2018/05/22.
%%
    @incollection{Garner2009,
        Address = {Oxford and New York, NY},
        Author = {Garner, Robert},
        Booktitle = {Introduction to Politics},
        Date-Added = {2014-10-06 07:40:47 +0000},
        Date-Modified = {2014-10-06 07:42:45 +0000},
        Editor = {Garner, Robert and Ferdinand, Peter and Lawson, Stephanie},
        Pages = {1-21},
        Publisher = {Oxford University Press},
        Title = {Introduction: The Nature of Politics and Political Analysis},
        Year = {2009}}
